@string{AICEJ="American Institute of Chemical Engineers Journal"}
@string{AIChEJ="American Institute of  Chemical Engineers Journal"}
@string{AJE="American Journal of Epidemiology"}
@string{AJTMH="American Journal of Tropical Medicine and Hygiene"}
@string{AmNat="American Naturalist"}
@string{AnnMathStat="Annals of Mathematical Statistics"}
@string{AOAP="Annals of Applied Probability"}
@string{AOAS="Annals of Applied Statistics"}
@string{AOS="Annals of Statistics"}
@string{AppStat="Applied Statistics"}
@string{BWHO="Bulletin of the World Health Organization"}
@string{CH="Chapman and Hall"}
@string{CMB="Clinical Microbiology Reviews"}
@string{CUP="Cambridge University Press"}
@string{EJP="Electronic Journal of Probability"}
@string{EJS="Electronic Journal of Statistics"}@string{IJE="International Journal of Epidemiology"},
@string{ISR="International Statistical Review"}@string{JAMA="Journal of the American Medical Association"}
,
@string{JAP="Journal of Applied Probability"}
@string{JASA="Journal of the American Statistical Association"}
@string{JBES="Journal of Business and Economic Statistics"}
@string{JC="Journal of Climate"}
@string{JCGS="Journal of Computational and Graphical Statistics"}
@string{JMB="Journal of Mathematical Biology"}
@string{JME="Journal of Medical Entomology"}
@string{JN="Journal of Neuroscience"}
@string{JNE="Journal of Neural Engineering"}
@string{JRSI="Journal of the  Royal Society Interface"}
@string{JRSSB="Journal of the Royal Statistical Society, Series B (Statistical Methodology)"}
@string{JRSSC="Journal of the Royal Statistical Society: Series C (Applied Statistics)"}
@string{JSS="Journal of Statistical Software"}
@string{MBE="Molecular Biology \& Evolution"}
@string{MWR="Monthly Weather Review"}
@string{OUP="Oxford University Press"}
@string{PLMS="Proceedings of the London Mathematical Society"}
@string{PLoS-Bio="PLoS Biology"}
@string{PLoS-CompBio="PLoS Computational Biology"}
@string{PLoS-Med="PLoS Medicine"}
@string{PLoS-NTD="PLoS Neglected Tropical Diseases"}
@string{PLoS-Path="PLoS Pathogens"}
@string{PNAS="Proceedings of the National Academy of Sciences of the USA"}
@string{PRSB="Proceedings of the Royal Society of London, Series B"}
@string{PRSLA="Proceedings of the Royal Society of London, Series A"}
@string{PRSLB="Proceedings of the Royal Society of London, Series B"}
@string{PUP="Princeton University Press"}
@string{SC="Statistics \& Computing"}
@string{SM="Statistics in Medicine"}
@string{SPL="Statistics and Probability Letters"}
@string{SS="Statistica Sinica"}
@string{StatSci={Statistical Science}}
@string{STM="Science Translational Medicine"}
@string{TRSTMH="Transactions of the Royal Society of Tropical Medicine and Hygiene"}
,
@string{TSP="IEEE Transactions on Signal Processing"}

AAAAAAAAAAAA

@article{ades15,
  title={The equivalent-weights particle filter in a high-dimensional system},
  author={Ades, Mel and Van Leeuwen, Peter J},
  journal={Quarterly Journal of the Royal Meteorological Society},
  volume={141},
  number={687},
  pages={484--503},
  year={2015},
  publisher={Wiley Online Library}
}

@article{almeida09,
title = {An\'{a}lise espacial da dengue e o contexto socioeconomico no munic\'{i}pio do {R}io de {J}aneiro},
author = {Almeida, A.S. and Medronho, R.A. and Valencia, I.O.},
journal = {Rev. Sa\'{u}de P\'{u}blica},
year = {2009},
volume = {43},
pages = {666--673}
}

@article {alonso11,
	author = {Alonso, David and Bouma, Menno J. and Pascual, Mercedes},
	title = {Epidemic malaria and warmer temperatures in recent decades in an {E}ast {A}frican highland},
	volume = {278},
	number = {1712},
	pages = {1661--1669},
	year = {2011},
	doi = {10.1098/rspb.2010.2020},
	publisher = {The Royal Society},
	issn = {0962-8452},
	URL = {http://rspb.royalsocietypublishing.org/content/278/1712/1661},
	eprint = {http://rspb.royalsocietypublishing.org/content/278/1712/1661.full.pdf},
	journal = {Proceedings of the Royal Society of London B: Biological Sciences}
}



@article{altrock15,
  title={The mathematics of cancer: integrating quantitative models},
  author={Altrock, Philipp M and Liu, Lin L and Michor, Franziska},
  journal={Nature reviews Cancer},
  volume={15},
  number={12},
  pages={730},
  year={2015},
  publisher={Nature Publishing Group}
}

@book(anderson79, 
author = "Anderson, B. D. and Moore, J. B.", 
year = 1979, 
title = "Optimal Filtering",
publisher = "Prentice-Hall", 
address = "New Jersey"
)

@article{anderson01,
  title={An ensemble adjustment {K}alman filter for data assimilation},
  author={Anderson, Jeffrey L},
  xjournal={Monthly weather review},
  journal=MWR,
  volume={129},
  number={12},
  pages={2884--2903},
  year={2001},
  publisher={American Meteorological Society}
}


@article(andrieu10, xdoi="10.1111/j.1467-9868.2009.00736.x", textref={Andrieu, C., A. Doucet and R. Holenstein (2010), Particle Markov chain Monte Carlo methods, J. Roy. Stat. Soc B 72:269-342},
author = "Christophe Andrieu and Arnaud Doucet and Roman Holenstein",
year = 2010, 
title = "Particle {M}arkov chain {M}onte {C}arlo methods",
journal = JRSSB,
volume = "72", 
pages = "269--342"
)

@article(arulampalam02, 
author = "Arulampalam, M. S. and Maskell, S. and Gordon, N. and Clapp, T.",
year = 2002, 
title = "A Tutorial on Particle Filters for Online Nonlinear, Non-{G}aussian {B}ayesian Tracking",
journal = TSP,
volume = 50, 
pages = "174 -- 188"
)

@Article{asfaw21arxiv, 
Author = {Asfaw, Kidus. and  Park, Joonha and Ho, Allister and King, Aaron A. and Ionides, Edward L.},
Year = {2021}, 
Title = {Statistical Inference for Spatiotemporal Partially Observed {M}arkov Processes via the {R} Package spatPomp},
Journal ={arXiv:2101.01157},
xVolume = {69}, 
xPages = {1--43}
}

@Article{asfaw21github, 
Author = {Asfaw, K. and  Ionides, E. L. and King, A. A.},
Year = {2021}, 
Title = {\texttt{spatPomp}: R package for Statistical Inference for Spatiotemporal Partially Observed {M}arkov Processes},
Journal ={\upshape{\texttt{https://github.com/kidusasfaw/spatPomp}}},
xVolume = {69}, 
xPages = {1--43}
}



@article{aznar13,
  title={Modeling the complex hatching and development of {A}edes aegypti in temperate climates},
  author={Aznar, Victoria Romeo and Otero, Marcelo and De Majo, Mar{\'\i}a Sol and Fischer, Sylvia and Solari, Hern{\'a}n G},
  journal={Ecological modelling},
  volume={253},
  pages={44--55},
  year={2013},
  publisher={Elsevier}
}


BBBBBBBBBBBB

@article{bardenet15,
  rmdCite={<a href="https://arxiv.org/abs/1505.02827">@bardenet15</a>},
  url={https://arxiv.org/abs/1505.02827},
  title={On {M}arkov chain {M}onte {C}arlo methods for tall data},
  author={Bardenet, R{\'e}mi and Doucet, Arnaud and Holmes, Chris},
  journal={ArXiv:1505.02827},
  year={2015}
}

@article{bartlett57,
  title={Measles periodicity and community size},
  author={Bartlett, Maurice S},
  journal={Journal of the Royal Statistical Society. Series A (General)},
  volume={120},
  number={1},
  pages={48--70},
  year={1957},
}

@article{baskerville13,
Author ={Barkerville, EB and Bedford, T and Reiner, RC and Pascual M},
Year = {2013},
Title = {Nonparametric Bayesian grouping methods for spatial time-series data},
Journal ={arXiv:1306.5202}
}

@article{becker20,
  title={Coexisting attractors in the context of cross-scale population dynamics: Measles in {L}ondon as a case study},
  author={Becker, Alexander D and Zhou, Susan H and Wesolowski, Amy and Grenfell, Bryan T},
  xjournal={Proceedings of the Royal Society B},
  journal=PRSB,
  volume={287},
  number={1925},
  pages={20191510},
  year={2020},
  publisher={The Royal Society}
}


@incollection(bengtsson08, xdoi={10.1007/978-3-642-01094-1}, xurl={http://arxiv.org/abs/0805.3034},
author = "Bengtsson, T. and  Bickel, P. and Li, B.",
year = 2008, 
title = "Curse-of-dimensionality revisited: Collapse of the particle filter in very large scale systems",
booktitle="Probability and Statistics: Essays in Honor of {D}avid {A}. {F}reedman",
editor={Speed, T. and Nolan, D.},
pages = "316--334",
publisher="Institute of Mathematical Statistics",
address="Beachwood, OH"
)

@article{bentkus97,
  title={Berry--{E}sseen bounds for statistics of weakly dependent samples},
  author={Bentkus, Vidmantas and G{\"o}tze, Friedrich and Tikhomoirov, A},
  journal={Bernoulli},
  volume={3},
  number={3},
  pages={329--349},
  year={1997},
  publisher={Bernoulli Society for Mathematical Statistics and Probability}
}

@Article{berard14, 
  Doi={10.1214/EJP.v19-3428},
  rmdCite={<a href="http://dx.doi.org/10.1214/EJP.v19-3428">@berard14</a>},
  Title={A lognormal central limit theorem for particle approximations of normalizing constants},
  Author={B{\'e}rard, Jean and Del Moral, Pierre and Doucet, Arnaud},
  Journal=EJP,
  Volume={19},
  Xnumber={94},
  Pages={1--28},
  Year={2014}
}

@article{beskos17,
  title={A stable particle filter for a class of high-dimensional state-space models},
  author={Beskos, Alexandros and Crisan, Dan and Jasra, Ajay and Kamatani, Kengo and Zhou, Yan},
  journal={Advances in Applied Probability},
  volume={49},
  number={1},
  pages={24--48},
  year={2017},
  publisher={Cambridge University Press}
}

@article(bhadra10, xdoi="10.1111/j.1467-9868.2009.00736.x", textref={Bhadra, A. (2010), Discussion of `Particle Markov chain Monte Carlo methods' by C. Andrieu, A. Doucet and R. Holenstein, J. Roy. Stat. Soc B 72:314-315},
author = "Bhadra, Anindya",
year = 2010, 
title = "Discussion of `Particle {M}arkov chain {M}onte {C}arlo methods' by {C}.\ {A}ndrieu, {A}.\ {D}oucet and {R}.\ {H}olenstein",
journal = JRSSB,
xjournal = {Journal of the Royal Statistical Society, Series B (Statistical Methodology)},
volume = "72", 
pages = "314--315"
)


@article(bhadra11,  xdoi="10.1198/jasa.2011.ap10323",
author = "Bhadra, A. and Ionides, E. L. and Laneri, K. and Pascual, M. and Bouma, M. and Dhiman,  R. C.",
year=2011,
title = "Malaria in {N}orthwest {I}ndia: Data analysis via partially observed stochastic differential equation models driven by {L}\'{e}vy noise",
journal = JASA,
volume = 106,
pages = "440-451"
)

@article(bhatt13, doi="10.1038/nature12060",
author = "Bhatt, S. and Gething, P.W. and Brady, O.J. and  Messina, J.P. and Farlow, A.W. and Moyes, C.L. and Drake, J.M. and Brownstein, J.S. and Hoen, A.G. and Sankoh, O. and  Myers, M.F. and George, D.B. and Jaenisch, T.and Wint, G. R. and Simmons, C.P. and Scott, T.W.and Farrar, J.J. and Hay, S.I.",
year=2013,
title = "The global distribution and burden of dengue",
journal = "Nature",
volume = "496",
pages = "504-507"
)

@book{billingsley09,
  title={Convergence of probability measures},
  author={Billingsley, P.},
  edition={2nd},
  year={2009},
  publisher={John Wiley \& Sons},
  address={Hoboken, NJ}
}

@article(bjornstad01, doi="10.1126/science.1062226",
author = "Bj{\o}rnstad, O. N. and Grenfell, B. T.",
year = 2001,
title = "Noisy Clockwork: Time Series Analysis of Population Fluctuations in Animals",
journal = "Science",
volume = 293,
pages = "638--643"
)

@article{bjornstad02,
  author = {Bj{\o}rnstad, Ottar N. and Finkenst\"{a}dt, Barbel F. and Grenfell, Bryan T.},
  journal = {Ecological Monographs},
  month = {may},
  number = {2},
  pages = {169--184},
  publisher = {Ecological Society of America},
  title = {Dynamics of Measles Epidemics: Estimating Scaling of Transmission Rates Using a Time Series {SIR} Model},
  url = {http://links.jstor.org/sici?sici=0012-9615%28200205%2972%3A2%3C169%3ADOMEES%3E2.0.CO%3B2-S},
  volume = {72},
  year = {2002},
}
 
@article{bjornstad19,
  title={Comparison of alternative models of human movement and the spread of disease},
  author={Bj{\o}rnstad, Ottar N and Grenfell, Bryan T and Viboud, Cecile and King, Aaron A},
  journal={BioRxiv:2019.12.19.882175},
  year={2019},
  publisher={Cold Spring Harbor Laboratory}
}


@article{blackwood13,xdoi = {10.1073/pnas.1220908110}, text={Blackwood, JC. et al (2013). "Deciphering the impacts of vaccination and immunity on pertussis epidemiology in Thailand." PNAS 110:9595-9600},
author = {Blackwood, J. C. and Cummings, D. A. T. and Broutin, H. and Iamsirithaworn, S. and Rohani, P.}, 
title = {Deciphering the impacts of vaccination and immunity on pertussis epidemiology in {T}hailand},
year = {2013}, 
XURL = {http://www.pnas.org/content/early/2013/05/16/1220908110.abstract}, 
eprint = {http://www.pnas.org/content/early/2013/05/16/1220908110.full.pdf+html}, 
journal = PNAS,
volume = 110,
pages = {9595--9600},
}

@article{blackwood13b,
author = {Blackwood, J. C. and Streicker, D. G. and Altizer, S. and Rohani, P.}, 
title = {Resolving the roles of immunity, pathogenesis, and immigration for rabies persistence in vampire bats},
year = {2013}, 
xdoi = {10.1073/pnas.1308817110}, 
XURL = {http://www.pnas.org/content/early/2013/11/27/1308817110.abstract}, 
eprint = {http://www.pnas.org/content/early/2013/11/27/1308817110.full.pdf+html}, 
journal = PNAS
}

@article{blake14,
author = {Blake, Isobel M. and Martin, Rebecca and Goel, Ajay and Khetsuriani, Nino and Everts, Johannes and Wolff, Christopher and Wassilak, Steven and Aylward, R. Bruce and Grassly, Nicholas C.}, 
title = {The role of older children and adults in wild poliovirus transmission},
volume = {111}, 
number = {29}, 
pages = {10604-10609}, 
year = {2014}, 
xdoi = {10.1073/pnas.1323688111}, 
xURL = {http://www.pnas.org/content/111/29/10604.abstract}, 
eprint = {http://www.pnas.org/content/111/29/10604.full.pdf+html}, 
journal = PNAS
}

@article{bossy04,
  title={A symmetrized {E}uler scheme for an efficient approximation of reflected diffusions},
  author={Bossy, M. and Gobet, E. and Talay, D.},
  journal=JAP,
  pages={877--889},
  year={2004},
}

@article{brehmer20,
  title={Mining gold from implicit models to improve likelihood-free inference},
  author={Brehmer, Johann and Louppe, Gilles and Pavez, Juan and Cranmer, Kyle},
  journal=PNAS,
  volume={117},
  number={10},
  pages={5242--5249},
  year={2020},
  publisher={National Acad Sciences}
}

@article{breiman96,
  title={Bagging predictors},
  author={Breiman, Leo},
  journal={Machine learning},
  volume={24},
  number={2},
  pages={123--140},
  year={1996},
  publisher={Springer}
}

@article(breto09, xdoi={10.1214/08-AOAS201},
author = "Bret\'{o}, C. and He, D. and Ionides, E. L. and King, A. A.",
year = 2009,
title = "Time Series Analysis via Mechanistic Models",
journal = AOAS,
volume = 3,
pages = "319--348"
)




@article{breto11, doi={10.1016/j.spa.2011.07.005},text={Breto, C. and Ionides, E.L. (2011) Compound Markov counting processes and their applications to modeling infinitesimally over-dispersed systems. Stochastic Processes and their Applications 121:2571-2591.},
author = "Bret\'{o}, C. and Ionides, E. L.",
year = 2011, 
title = "Compound {M}arkov counting processes and their applications to modeling infinitesimally over-dispersed systems",
journal = "Stochastic Processes and their Applications",
volume = "121", 
pages = "2571--2591"
}

@article{breto14,xdoi = "http://dx.xdoi.org/10.1016/j.spl.2014.04.003",
title = "On idiosyncratic stochasticity of financial leverage effects",
journal = "Statistics \& Probability Letters ",
volume = "91",
pages = "20--26",
year = "2014",
issn = "0167-7152",
xurl = "http://www.sciencedirect.com/science/article/pii/S0167715214001345",
author = "Carles Bret\'{o}",
}


@article{breto18statSci,
  year={2018},
  doi = {10.1214/17-STS636},
  title={Modeling and inference for infectious disease dynamics: A likelihood-based approach},
  author={Bret{\'o}, Carles},
  journal={Statistical Science},
  xjournal=StatSci,
  number = {1},
  pages = {57--69},
  volume = {33}
}

@Article{breto19, 
Author = {Bret\'{o}, C. and Ionides, E. L. and King, A. A.},
Year = {2019},
Title = {Panel Data Analysis via Mechanistic Models},
Journal = {Journal of the American Statistical Association},
Volume = {115},
Pages = {1178-1188}
}

@article{burgers98,
  title={Analysis scheme in the ensemble {K}alman filter},
  author={Burgers, Gerrit and Jan van Leeuwen, Peter and Evensen, Geir},
  xjournal={Monthly weather review},
  journal=MWR,
  volume={126},
  number={6},
  pages={1719--1724},
  year={1998}
}

CCCCCCCCCCC

@article{camacho11,xdoi = {10.1098/rspb.2011.0300}, 
author = {Camacho, Anton and Ballesteros, Sebastien and Graham, Andrea L. and Carrat, Fabrice and Ratmann, Oliver and Cazelles, Bernard}, 
title = {Explaining rapid reinfections in multiple-wave influenza outbreaks: {T}ristan da {C}unha 1971 epidemic as a case study}, 
year=2011,
volume=278,
xnumber=1725,
pages= {3635--3643},
XURL = {http://rspb.royalsocietypublishing.org/content/early/2011/04/22/rspb.2011.0300.abstract}, 
eprint = {http://rspb.royalsocietypublishing.org/content/early/2011/04/22/rspb.2011.0300.full.pdf+html}, 
journal = PRSB
}

@ARTICLE{cappe07,xdoi={10.1109/JPROC.2007.893250},
title={An Overview of Existing Methods and Recent Advances in Sequential {M}onte {C}arlo},
author={Capp\'{e}, O. and Godsill, S.J. and Moulines, E.},
journal={Proc. IEEE},
year={2007},
volume={95},
xnumber={5},
pages={899-924}
}

@article(cauchemez08, doi="10.1038/nature06732",
author = {Cauchemez, S. and Valleron, A. and Bo\"{e}lle, P. and Flahault, A. and Ferguson, N. M.},
year = 2008, 
title = "Estimating the impact of school closure on influenza transmission from Sentinel data",
journal = "Nature",
volume = 452, 
pages = "750--754"
)

@article{caya05,
  title={A comparison between the {4DVAR} and the ensemble {K}alman filter techniques for radar data assimilation},
  author={Caya, Alain and Sun, Juanzhen and Snyder, Chris},
  xjournal={Monthly Weather Review},
  journal=MWR,
  volume={133},
  number={11},
  pages={3081--3094},
  year={2005}
}

@article{chandler13,
  title={Exploiting strength, discounting weakness: Combining information from multiple climate simulators},
  author={Chandler, Richard E},
  journal={Philosophical Transactions of the Royal Society A: Mathematical, Physical and Engineering Sciences},
  volume={371},
  number={1991},
  pages={20120388},
  year={2013},
  publisher={The Royal Society Publishing}
}

@article {chopin13,xdoi = {10.1111/j.1467-9868.2012.01046.x},
author = {Chopin, N. and Jacob, P. E. and Papaspiliopoulos, O.},
title = {{SMC}$^2$: an efficient algorithm for sequential analysis of state space models},
journal=JRSSB,
volume = {75},
xnumber = {3},
issn = {1467-9868},
xurl = {http://dx.xdoi.org/10.1111/j.1467-9868.2012.01046.x},
pages = {397--426},
year = {2013},
}

@ARTICLE{crisan02,xdoi={10.1109/78.984773},
title={A survey of convergence results on particle filtering methods for practitioners},
author={Crisan, D. and Doucet, A.},
journal=TSP,
year={2002},
month={Mar},
volume={50},
xnumber={3},
pages={736-746},
ISSN={1053-587X}
}

@book{crisan11,
  title={The Oxford handbook of nonlinear filtering},
  author={Crisan, Dan and Rozovskii, Boris},
  year={2011},
  publisher={Oxford University Press}
}

DDDDDDDDDDDDD

@article {decelles20,
	author = {Domenech de Cell{\`e}s, Matthieu and Casalegno, Jean-S{\'e}bastien and Lina, Bruno and Opatowski, Lulla},
	title = {Influenza may facilitate the spread of {SARS-CoV-2}},
	elocation-id = {2020.09.07.20189779},
	year = {2020},
	doi = {10.1101/2020.09.07.20189779},
	publisher = {Cold Spring Harbor Laboratory Press},
	URL = {https://www.medrxiv.org/content/early/2020/09/09/2020.09.07.20189779},
	eprint = {https://www.medrxiv.org/content/early/2020/09/09/2020.09.07.20189779.full.pdf},
	journal = {MedRxiv:2020.09.07.20189779}
}


@article{delmoral01,xdoi = "http://dx.xdoi.org/10.1016/S0246-0203(00)01064-5",
title = "On the stability of interacting processes with applications to filtering and genetic algorithms ",
journal = "Annales de l'Institut Henri Poincare (B) Probability and Statistics ",
volume = "37",
xnumber = "2",
pages = "155--194",
year = "2001",
xurl = "http://www.sciencedirect.com/science/article/pii/S0246020300010645",
author = "Del Moral, P. and Guionnet, A.",
}


@incollection(delmoral01b, 
author = "Del Moral, P and Jacod, J.",
year = 2001, 
title = "Interacting Particle Filtering with Discrete Observations",
booktitle = "Sequential \mbox{M}onte \mbox{C}arlo Methods in Practice",
editor = "Doucet, A. and de Freitas, N. and Gordon, N. J.",
pages = "43--75", 
publisher = "Springer",
address =  "New York"
)

@book{delMoral04, 
Author = {Del Moral, P.}, 
Year = {2004}, 
Title = {{F}eynman-{K}ac Formulae: Genealogical and Interacting Particle Systems with Applications},
Publisher = {Springer},
Address = {New York}
}

@article{delmoral15,
  title={Sequential {M}onte {C}arlo with highly informative observations},
  author={Del Moral, Pierre and Murray, Lawrence M},
  journal={Journal on Uncertainty Quantification},
  volume={3},
  xnumber={1},
  pages={969--997},
  year={2015},
  publisher={SIAM}
}

@article{delmoral17,
  title={Convergence properties of weighted particle islands with application to the double bootstrap algorithm},
  author={Del Moral, Pierre and Moulines, Eric and Olsson, Jimmy and Verg{\'e}, Christelle},
  journal={Stochastic Systems},
  volume={6},
  number={2},
  pages={367--419},
  year={2017},
  publisher={INFORMS}
}

@article{desimone04,
  title={Dengue virus surveillance: the co-circulation of {DENV}-1, {DENV}-2 and {DENV}-3 in the State of {R}io de {J}aneiro, {B}razil},
  author={De Simone, TS and Nogueira, Rita Maria Ribeiro and Ara{\'u}jo, ESM and Guimar{\~a}es, Flavia Ramos and Santos, Flavia Barreto dos and Schatzmayr, Hermann Gon{\c{c}}alves and Souza, Rogerio Valls de and Teixeira Filho, G and Miagostovich, Marize Pereira},
  xjournal={Transactions of the Royal Society of Tropical Medicine and Hygiene},
  journal=TRSTMH,
  volume={98},
  number={9},
  pages={553--562},
  year={2004},
  publisher={Royal Society of Tropical Medicine and Hygiene}
}

@article{decelles18,
  title={The impact of past vaccination coverage and immunity on pertussis resurgence},
  author={de Cell{\`e}s, Matthieu Domenech and Magpantay, Felicia MG and King, Aaron A and Rohani, Pejman},
  journal={Science Translational Medicine},
  volume={10},
  number={434},
  pages={eaaj1748},
  year={2018},
  publisher={American Association for the Advancement of Science}
}

@Article{diggle84,
  Author = {Diggle, P. J. and Gratton, R. J.},
  rmdCite={<a href="http://www.jstor.org/stable/2345504">@diggle84</a>},
  url={http://www.jstor.org/stable/2345504},
  Year = {1984}, 
  Title = {Monte {C}arlo Methods of Inference for Implicit Statistical Models},
  Journal = JRSSB,
  Volume = 46, 
  Pages = "193--227",
  URL={http://www.jstor.org/stable/2345504}
}


@article{dobson14,
  title={Mathematical models for emerging disease},
  author={Dobson, Andy},
  journal={Science},
  volume={346},
  number={6215},
  pages={1294--1295},
  year={2014},
  publisher={American Association for the Advancement of Science}
}

@article{donoho17,
  title={50 Years of Data Science},
  author={Donoho, David},
  journal={Journal of Computational and Graphical Statistics},
  volume={26},
  number={4},
  pages={745--766},
  year={2017},
  publisher={Taylor \& Francis}
}

@book(doucet01,
author = "Doucet, A. and de Freitas, N. and Gordon, N. J.",
year = 2001,
title = "Sequential \mbox{M}onte \mbox{C}arlo Methods in Practice",
address = "New York",
publisher = "Springer"
)


@article {doucet02,   xdoi = {10.1023/A:1013172322619},
   author = {Doucet, Arnaud and Godsill, Simon J. and Robert, Christian P.},
   title = {Marginal maximum a posteriori estimation using {M}arkov chain {M}onte {C}arlo},
   journal = SC,
   publisher = {Springer Netherlands},
   keyword = {Mathematics and Statistics},
   pages = {77-84},
   volume = {12},
   issue = {1},
   xurl = {http://dx.xdoi.org/10.1023/A:1013172322619},
   year = {2002}
}

@incollection{doucet11,    url = {http://www.stats.ox.ac.uk/~doucet/doucet_johansen_tutorialPF2011.pdf},
    Author = {Doucet, Arnaud and Johansen, Adam},
    booktitle={Oxford Handbook of Nonlinear Filtering},
    editor={D. Crisan and B. Rozovsky},
    publisher={Oxford University Press},
    Title = {A Tutorial on Particle Filtering and Smoothing: Fifteen years Later},
    year = {2011}
}


@Article{doucet13, 
author = "Doucet, A. and Jacob, P. E. and Rubenthaler, S.",
year = 2013, 
title = "Derivative-Free Estimation of the Score Vector and Observed Information Matrix with Application to State-Space Models.",
  journal={arXiv:1304.5768},
}

@Article{doucet15, text={Doucet, A, Pitt, MK, Deligiannidis, G, and Kohn, R (2015). Efficient implementation of Markov chain Monte Carlo when using an unbiased likelihood estimator. Biometrika 102:295-313.},
  doi={10.1093/biomet/asu075},
   Title={Efficient implementation of {M}arkov chain {M}onte {C}arlo when using an unbiased likelihood estimator},
  Author={Doucet, Arnaud and Pitt, M. K. and Deligiannidis, George and Kohn, Robert},
  Journal={Biometrika},
  Volume={102},
  Pages={295-313},
  Year={2015},
  Publisher={Biometrika Trust}
}

@article{du17,
title = {Evolution-informed forecasting of seasonal influenza {A} ({H3N2})},
author = {Du, X. and King, A.A. and Woods, R.J. and Pascual, M.},
xjournal = {Science Translational Medicine},
journal=STM,
year = {2017},
volume = {in press}
}

EEEEEEEEEEEE

@ARTICLE{earn00, author = {David J. D. Earn and Pejman Rohani and Benjamin M. Bolker and Bryan T. Grenfell},
  title = {A simple model for complex dynamical transitions in epidemics},
  journal = {Science},
  year = {2000},
  volume = {287},
  pages = {667--670}
}

@article{earn12,xdoi = {10.1059/0003-4819-156-3-201202070-00005}, author = {Earn, David J.D. and He, Daihai and Loeb, Mark B. and Fonseca, Kevin and Lee, Bonita E. and Dushoff, Jonathan}, 
title = {Effects of School Closure on Incidence of Pandemic Influenza in {A}lberta, {C}anada}, 
volume = {156}, 
xnumber = {3}, 
pages = {173-181}, 
year = {2012}, 
XURL = {http://www.annals.org/content/156/3/173.abstract}, 
eprint = {http://www.annals.org/content/156/3/173.full.pdf+html}, 
xjournal = {Annals of Internal Medicine},
journal = {Ann. Intern. Med.} 
}

@article{ebert01,
  title={Ability of a poor man's ensemble to predict the probability and distribution of precipitation},
  author={Ebert, Elizabeth E},
  journal=MWR,
  volume={129},
  number={10},
  pages={2461--2480},
  year={2001}
}

@article{eggo11,
  title={Spatial dynamics of the 1918 influenza pandemic in {E}ngland, {W}ales and the {U}nited {S}tates},
  author={Eggo, Rosalind M and Cauchemez, Simon and Ferguson, Neil M},
  journal={Journal of the Royal Society Interface},
  volume={8},
  number={55},
  pages={233--243},
  year={2011},
  publisher={The Royal Society}
}

@article{evensen94,
  title={Sequential data assimilation with a nonlinear quasi-geostrophic model using {M}onte {C}arlo methods to forecast error statistics},
  author={Evensen, Geir},
  journal={Journal of Geophysical Research: Oceans},
  volume={99},
  number={C5},
  pages={10143--10162},
  year={1994},
  publisher={Wiley Online Library}
}

@Article{evensen96, 
Author = {Evensen, G. and van Leeuwen, P. J.},
Year = {1996}, 
Title = {Assimilation of Geostat altimeter data for the \mbox{A}gulhas \mbox{C}urrent using the ensemble \mbox{K}alman filter with a quasigeostrophic model},
Journal = MWR,
Volume = {124}, 
Pages = {58--96}
}

@Article{evensen00, 
Author = {Evensen, G. and van Leeuwen, P. J.},
Year = {2000}, 
Title = {An Ensemble \mbox{K}alman Smoother for Nonlinear Dynamics},
Journal = MWR,
Volume = {128}, 
Pages = {1852--1867}
}

@ARTICLE{evensen09,xdoi={10.1109/MCS.2009.932223},
author={Evensen, G.},
journal={IEEE Transactions on Control Systems},
title={The ensemble {Kalman} filter for combined state and parameter estimation},
year={2009},
volume={29},
xnumber={3},
pages={83--104},
ISSN={1066-033X},}

@book{evensen09book,
  title={Data assimilation: The ensemble {K}alman filter},
  author={Evensen, Geir},
  year={2009},
  publisher={Springer Science \& Business Media}
}

FFFFFFFFFFF

@article{fine82,
  title={Measles in {E}ngland and {W}ales—{I}: an analysis of factors underlying seasonal patterns},
  author={Fine, Paul EM and Clarkson, Jacqueline A},
  journal={International Journal of Epidemiology},
  volume={11},
  number={1},
  pages={5--14},
  year={1982},
  publisher={Oxford University Press}
}

@article{finke17,
  title={Approximate smoothing and parameter estimation in high-dimensional state-space models},
  author={Finke, Axel and Singh, Sumeetpal S},
  xjournal={IEEE Transactions on Signal Processing},
  journal=TSP,
  volume={65},
  number={22},
  pages={5982--5994},
  year={2017},
  publisher={IEEE}
}

@article{fitzjohn20,
  title={Reproducible parallel inference and simulation of stochastic state space models using odin, dust, and mcstate},
  author={FitzJohn, Richard G and Knock, Edward S and Whittles, Lilith K and Perez-Guzman, Pablo N and Bhatia, Sangeeta and Guntoro, Fernando and Watson, Oliver J and Whittaker, Charles and Ferguson, Neil M and Cori, Anne and Baguelin, Marc and Lees, John A},
  journal={Wellcome Open Research},
  volume={5},
  year={2020},
  publisher={The Wellcome Trust}
}

@article{focks93a,
  title={Dynamic life table model for {A}edes aegypti ({D}iptera: {C}ulicidae): analysis of the literature and model development},
  author={Focks, D Ae and Haile, DG and Daniels, E and Mount, G Ae},
  xjournal={Journal of Medical Entomology},
  journal=JME,
  volume={30},
  number={6},
  pages={1003--1017},
  year={1993},
  publisher={Oxford University Press Oxford, UK}
}

@article{focks93b,
  title={Dynamic life table model for {A}edes aegypti ({D}iptera: {C}ulicidae): simulation results and validation},
  author={Focks, DA and Haile, DG and Daniels, E and Mount, GA},
  xjournal={Journal of Medical Entomology},
  journal=JME,
  volume={30},
  number={6},
  pages={1018--1028},
  year={1993},
  publisher={Oxford University Press Oxford, UK}
}


GGGGGGGGGGGGG


 @article{gaetan03,     xurl = {http://www.jstor.org/stable/30042072},
     title = {A Multiple-Imputation {M}etropolis Version of the {EM} Algorithm},
     author = {Gaetan, Carlo and Yao, Jian-Feng},
     journal = {Biometrika},
     volume = {90},
     xnumber = {3},
     pages = {643--654},
     ISSN = {00063444},
     year = {2003},
     publisher = {Biometrika Trust},
    }

@article{gneiting07,
  title={Strictly Proper Scoring Rules, Prediction, and Estimation},
  author={Gneiting, Tilmann and Raftery, Adrian E},
  journal=JASA,
  volume={102},
  number={477},
  pages={359--378},
  year={2007},
  publisher={Taylor \& Francis}
}

@article{gordon93, 
author = "Gordon, N.J. and Salmond, D. J. and Smith, A. F. M.",
year = 1993, 
title = "Novel approach to nonlinear/non-\mbox{G}aussian \mbox{B}ayesian state estimation",
journal = "IEE Proceedings--F",
volume = 140, 
number = 2,
pages = "107--113"
}

HHHHHHHHHHHHH

@article{gomes17,
author = {Gomes, M. F. C. and Code\c{c}o, C.},
title = {Spatial heterogeneity in work- and study-related mobility patterns in {B}razil},
year = {2017},
journal = {in prep.}
}

@article{guarniero17,
  title={The iterated auxiliary particle filter},
  author={Guarniero, Pieralberto and Johansen, Adam M and Lee, Anthony},
  xjournal={Journal of the American Statistical Association},
  journal=JASA,
  volume={112},
  xnumber={520},
  pages={1636--1647},
  year={2017},
  publisher={Taylor \& Francis}
}

@book{gubler14,
  title={Dengue and dengue hemorrhagic fever.},
  author={Gubler, D.J. and  Ooi, E.E. and  Vasudevan, S. and  Farrar, J.},
  year={2014},
  edition={2nd},
  publisher={CABI International},
  address={Wallingford,UK}
}


@article{gubler95, doi="10.3201/eid0102.950204",
  title={Dengue-Dengue Hemorrhagic Fever: The Emergence of a Global Health Problem},
  author={Gubler, D.J. and Clark, G.C.},
  journal={Emerging Infectious Diseases},
  volume={1},
  xnumber={2},
  pages={55--57},
  year={1995},
}

@article{hastings70,
  title={Monte {C}arlo sampling methods using {M}arkov chains and their applications},
  author={Hastings, W Keith},
  journal={Biometrika},
  volume={57},
  xnumber={1},
  pages={97--109},
  year={1970},
  publisher={Biometrika Trust}
}



@article(he10, xdoi="10.1098/rsif.2009.0151",text={He, D., Ionides, E. L. and King, A. A. (2010). Plug-and-play inference for disease dynamics: Measles in large and small towns as a case study. J. Roy. Soc. Interface 7:271-283},
author = "He, D. and Ionides, E. L. and King, A. A.",
year = 2010, 
title = "Plug-and-play inference for disease dynamics:
  Measles in large and small towns as a case study",
journal = JRSI,
xjournal = "Journal of the Royal Society Interface",
volume = "7",
pages = "271--283 "
)

@article{he11,xdoi={10.1007/s12080-011-0123-3},
   author = {He, Daihai and Dushoff, Jonathan and Day, Troy and Ma, Junling and Earn, David},
   title = {Mechanistic modelling of the three waves of the 1918 influenza pandemic},
   xjournal = {Theoretical Ecology},
   journal = {Theor. Ecol.},
   publisher = {Springer Netherlands},
   pages = {283--288},
   volume = 4,
   year = {2011}
}

@Article{he13,  xdoi = {10.1098/rspb.2013.1345},
  Title                    = {Inferring the causes of the three waves of the 1918 influenza pandemic in {E}ngland and {W}ales.},
  Author                   = {He, Daihai and Dushoff, Jonathan and Day, Troy and Ma, Junling and Earn, David J D.},
  Journal                  = PRSB,
  Year                     = {2013},
  Xnumber                   = {1766},
  Pages                    = {20131345},
  Volume                   = {280},
}

@article{he17,
title ={Networks of genetic similarity reveal non-neutral processes shape strain structure in {P}lasmodium falciparum},
author = {He, Q. and Pilosof, S. and Tiedje, K. and Ruybal-Pesantez, S. and Artzy, Y. and Baskerville, E. and Day, K. and Pascual, M.},
year = {2017},
journal = {Nature, submitted}
}


@article{heringer15, doi={10.1093/trstmh/trv006},
title = {Impact of the emergence and re-emergence of different dengue viruses' serotypes in {R}io de {J}aneiro, {B}razil, 2010 to 2012},
author = {Heringer, M. and Nogueira, R.M. and de Filippis, A.M. and Lima, M.R. and Faria, N.R. and Nunes, P.C. and Nogueira, F.B. and dos Santos, F.B.},
xjournal = {Trans. R. Soc. Trop. Med. Hyg.},
journal= TRSTMH,
year = {2015},
volume = {109},
number = {4},
pages = {268--274}
}

@ARTICLE{holst91,
author={Holst, U. and Lindgren, G.},
journal={Information Theory, IEEE Transactions on},
title={Recursive estimation in mixture models with {M}arkov regime},
year={1991},
month={nov},
volume={37},
xnumber={6},
pages={1683-1690},
xdoi={10.1109/18.104334},
ISSN={0018-9448},}

@article{honorio09, doi={10.1603/033.046.0505},
author = {Hon\'{o}rio, N.A. and Code\c{c}o, C.T. and Alves, F.C. and Magalh\~{a}es, M.A. and Louren\c{c}o De Oliveira, R.},
title = {Temporal distribution of {A}edes aegypti in different districts of {R}io de {J}aneiro, {B}razil, measured by two types of traps},
xjournal = {J. Med. Entomol.},
journal=JME,
year = {2009},
volume = {46},
number = {5},
pages = {1001--1014}
}

@article{houtekamer98,
  title={Data assimilation using an ensemble {K}alman filter technique},
  author={Houtekamer, Peter L and Mitchell, Herschel L},
  xjournal={Monthly Weather Review},
  journal=MWR,
  volume={126},
  number={3},
  pages={796--811},
  year={1998}
}

@article{houtekamer01,
author = "Houtekamer, P. L. and Mitchell, H. L.",
year = 2001,
title = "Data assimilation using an ensemble {K}alman filter technique",
journal = MWR,
volume = 129,
pages = "123--137"
}

IIIIIIIIIII

@ARTICLE{ingber93,xdoi={10.1016/0895-7177(93)90204-C},
    xurl={http://www.sciencedirect.com/science/article/B6V0V-45GN6F6-7R/2/89213d81ef696b4fb68b1a66741d118c},
    author = {Ingber, L.},
    title = {Simulated annealing: Practice versus theory},
    journal = {Mathematical and Computer Modelling},
    year = {1993},
    volume = {18},
    pages = {29--57}
}

@article(ionides06-pnas,xdoi="10.1073/pnas.0603181103",
author = "Ionides, E. L. and Bret\'{o}, C. and King, A. A.",
year = 2006,
title = "Inference for nonlinear dynamical systems",
journal = PNAS,
xjournal = "Proceedings of the National Academy of Sciences of the USA",
volume = "103",
pages = "18438--18443"
)

@article {ionides08,	doi = "10.1198/106186008X320456",
	author = "Ionides, Edward L.",
	title = "Truncated Importance Sampling",
	journal = JCGS,
	volume = "17",
	year = "June 2008",
	pages = "295--311",
	url = "http://www.ingentaconnect.com/content/asa/jcgs/2008/00000017/00000002/art00003"
}

@article{ionides11,xdoi="10.1214/11-AOS886",
  author = {Ionides, Edward L. and Bhadra, Anindya and Atchad\'{e}, Y.  and  King, Aaron A.},
  title = {Iterated Filtering},
  year = 2011,
  journal = AOS,
  volume = 39,
  pages = "1776--1802"
}

@Article{ionides15,text={Ionides, EL, D Nguyen, Y Atchade, S Stoev and AA King. (2015). Inference for dynamic and latent variable models via iterated, perturbed Bayes maps. PNAS 112:719-724.},
Author = {Ionides, Edward L. and Nguyen, Dao and Atchad\'{e}, Yves and Stoev, Stilian and King, Aaron A.}, 
Title = {Inference for dynamic and latent variable models via iterated, perturbed {B}ayes maps},
Year = {2015}, 
doi = {10.1073/pnas.1410597112}, 
xURL = {http://www.pnas.org/content/early/2015/01/07/1410597112.abstract}, 
eprint = {http://www.pnas.org/content/early/2015/01/07/1410597112.full.pdf+html}, 
Journal = PNAS,
xJournal = {Proceedings of the National Academy of Sciences of USA},
Volume = 112,
Number =  3,
Pages = "719–-724"
}

@article{ionides17,
  title={Monte {C}arlo profile confidence intervals for dynamic systems},
  author={Ionides, Edward L and Breto, Carles and Park, Joonha and Smith, Richard A and King, Aaron A},
  xjournal={Journal of the Royal Society Interface},
  journal=JRSI,
  volume={14},
  pages={1--10},
  year={2017}
}

@Article{ionides17-tas,
  Author = {Ionides, E. L. and Giessing, A. and Ritov, Y. and Page, S. E.},
  Title = {Response to the {ASA}'s statement on p-values: Context, process, and purpose},
  Journal = {The American Statistician},
  Volume = {71},
  xNumber = {1},
  Pages = {88-89},
  Year = {2017},
  Doi = {10.1080/00031305.2016.1234977},
}

@article{ionides21,
  author = {Edward L. Ionides and Kidus Asfaw and Joonha Park and Aaron A. King},
  title = {Bagged filters for partially observed interacting systems},
  journal = {Journal of the American Statistical Association},
  volume = {0},
  number = {ja},
  pages = {1-33},
  year  = {2021},
  publisher = {Taylor & Francis},
  doi = {10.1080/01621459.2021.1974867},
  URL = {https://doi.org/10.1080/01621459.2021.1974867},   
  eprint = {https://doi.org/10.1080/01621459.2021.1974867}  
}

JJJJJJJJJJJJJJ

@article{jirak16,
  title={Berry--{E}sseen theorems under weak dependence},
  author={Jirak, Moritz},
  journal={The Annals of Probability},
  volume={44},
  number={3},
  pages={2024--2063},
  year={2016},
  publisher={Institute of Mathematical Statistics}
}

@article(johansen08, xdoi="xdoi:10.1016/j.spl.2008.01.032",xurl={http://www2.warwick.ac.uk/fac/sci/statistics/staff/academic/johansen/publications/JD08.pdf},
author = "A. M. Johansen and A. Doucet",
year = 2008, 
title = "A note on the auxiliary particle filter",
journal = SPL,
volume = 78, 
pages = "1498--1504"
)

@ARTICLE{julier04,xdoi={10.1109/JPROC.2003.823141},
author={Julier, S.J. and Uhlmann, J.K.},
journal={Proc. IEEE}, 
xjournal={Proceedings of the IEEE}, 
title={Unscented filtering and nonlinear estimation},
year={2004},
xmonth=mar,
volume={92},
xnumber={3},
pages={401--422}
}

KKKKKKKKKKKKK

@Article(kantas15,
Author = {Kantas, Nikolas and Doucet, Arnaud and Singh, Sumeetpal S. and Maciejowski, Jan M.},
Year = {2015}, 
Title = {On Particle Methods for Parameter Estimation in State-Space Models},
Journal = {Statistical Science},
Volume={30},
Number={3},
Pages={328--351},
Xurl={arxiv:http://arxiv.org/abs/1412.8695}
)

@article{katzelnick15,
	author = {Katzelnick, Leah C. and Fonville, Judith M. and Gromowski, Gregory D. and Arriaga, Jose Bustos and Green, Angela and James, Sarah L. and Lau, Louis and Montoya, Magelda and Wang, Chunling and VanBlargan, Laura A. and Russell, Colin A. and Thu, Hlaing Myat and Pierson, Theodore C. and Buchy, Philippe and Aaskov, John G. and Mu{\~n}oz-Jord{\'a}n, Jorge L. and Vasilakis, Nikos and Gibbons, Robert V. and Tesh, Robert B. and Osterhaus, Albert D.M.E. and Fouchier, Ron A.M. and Durbin, Anna and Simmons, Cameron P. and Holmes, Edward C. and Harris, Eva and Whitehead, Stephen S. and Smith, Derek J.},
	title = {Dengue viruses cluster antigenically but not as discrete serotypes},
	volume = {349},
	number = {6254},
	pages = {1338--1343},
	year = {2015},
	doi = {10.1126/science.aac5017},
	publisher = {American Association for the Advancement of Science},
	issn = {0036-8075},
	URL = {http://science.sciencemag.org/content/349/6254/1338},
	eprint = {http://science.sciencemag.org/content/349/6254/1338.full.pdf},
	journal = {Science}
}

@article{katzfuss19,
  title={Ensemble {K}alman methods for high-dimensional hierarchical dynamic space-time models},
  author={Katzfuss, Matthias and Stroud, Jonathan R and Wikle, Christopher K},
  xjournal={Journal of the American Statistical Association},
  journal=JASA,
  volume={115},
  number={530},
  pages={866--885},
  year={2020},
   publisher={Taylor \& Francis}
}


@book(keeling09, 
author = "Keeling, M and Rohani, P.", 
year = 2009, 
title = "Modeling Infectious Diseases in Humans and Animals",
publisher = PUP,
address = "Princeton, NJ"
)

@article{kevrekidis04,
  doi={10.1002/aic.10106},
  rmdCite={<a href="http://dx.doi.org/10.1002/aic.10106">@kevrekidis04</a>},
  author = {Kevrekidis, I. G. and  Gear, C. W.  and  Hummer, G.},
  year = {2004},
  title = "Equation-Free: The Computer-Assisted Analysis of Complex, Multiscale Systems",
  journal = AICEJ,
  volume = {50},
  pages = {1346--1354}
}

@article{kevrekidis09,
  title={Equation-free multiscale computation: Algorithms and applications},
  author={Kevrekidis, Ioannis G and Samaey, Giovanni},
  journal={Annual Review of Physical Chemistry},
  volume={60},
  pages={321--344},
  year={2009}
}

@article(king08, xdoi={10.1038/nature07084},
author = "A. A. King and E. L. Ionides and M. Pascual and M. J. Bouma",
year = 2008,
title = "Inapparent infections and cholera dynamics",
journal = "Nature",
volume = "454",
pages = "877--880"
)

@Article{king16, doi={}, text={King, A. A., Nguyen, D. and  Ionides, E. L. (2016). Statistical Inference for Partially Observed Markov Processes via the R Package pomp. Journal of Statistical Software 69:1-43.},
Author = {King, A. A. and Nguyen, D. and  Ionides, E. L.},
Year = {2016}, 
Title = {Statistical Inference for Partially Observed {M}arkov Processes via the {R} Package pomp},
Journal ={Journal of Statistical Software},
Volume = {69}, 
Pages = {1--43}
}

@article{kirkpatrick83,
  title={Optimization by simmulated annealing},
  author={Kirkpatrick, Scott and Gelatt, C. D. and Vecchi, Mario P},
  journal={Science},
  volume={220},
  xnumber={4598},
  pages={671--680},
  year={1983},
  publisher={Washington}
}

@article{kirschner17,
  title={A review of computational model contributions to our understanding of {M}ycobacteriumtuberculosis within-host infection and treatment},
  author={Kirschner, Denise and Pienaar, Elsje and Marino, Simeone and Linderman, Jennifer J},
  journal={Current Opinion in Systems Biology},
  year={2017},
  publisher={Elsevier}
}

@article(kitagawa98, xurl="http://www.jstor.org/stable/2669862",
author = "Kitagawa, G.", 
year = 1998, 
title = "A Self-Organising State-Space Model",
journal = JASA,
xjournal = "Journal of the American Statistical Association",
volume = 93, 
pages = "1203--1215" 
)

@misc{pomp2,
  title = {pomp: Statistical inference for partially observed Markov processes},
howpublished={R package, available at {\small \texttt{http://cran.r-project.org/web/packages/pomp}}},
  author = {Aaron A. King and Edward L. Ionides and Carles Martinez Bret\'o and	Steve Ellner and Bruce Kendall},
  year = {2009},
  xurl = {http://pomp.r-forge.r-rproject.org}
}

@article{pomp,
  title = {pomp: Statistical inference for partially observed Markov processes},
 journal={R package, available at {\small \texttt{http://cran.r-project.org/web/packages/pomp}}},
  author = {Aaron A. King and Edward L. Ionides and Carles Martinez Bret\'o and	Steve Ellner and Bruce Kendall},
  year = {2009},
  xurl = {http://pomp.r-forge.r-rproject.org}
}


LLLLLLLLLLLLLLLLLL


@article{lana14,
  title={Seasonal and nonseasonal dynamics of {A}edes aegypti in {R}io de {J}aneiro, {B}razil: Fitting mathematical models to trap data},
  author={Lana, Raquel M and Carneiro, Tiago GS and Hon{\'o}rio, Nildimar A and Code{\c{c}}o, Cl{\'a}udia T},
  journal={Acta tropica},
  volume={129},
  pages={25--32},
  year={2014},
  publisher={Elsevier}
}



@article(laneri10, xdoi={10.1371/journal.pcbi.1000898}, text={Laneri, K, A Bhadra, EL Ionides, M Bouma, R Yadav, R Dhiman and M Pascual (2010). Forcing versus feedback: Epidemic malaria and monsoon rains in NW India. PLoS Computational Biology 6:e1000898. http://dx.doi.org//10.1371/journal.pcbi.1000898},
author = "Karina Laneri  and Anindya Bhadra and Edward L. Ionides and Menno Bouma and R. Yadav and R. Dhiman and  Mercedes Pascual",
year=2010,
title = "Forcing versus feedback: Epidemic malaria and monsoon rains in {NW} {I}ndia",
journal =PLoS-CompBio,
volume = "6",
pages = "e1000898"
)

@article{lee16,
  title={State estimation and prediction using clustered particle filters},
  author={Lee, Yoonsang and Majda, Andrew J},
  xjournal={Proceedings of the National Academy of Sciences},
  journal=PNAS,
  volume={113},
  number={51},
  pages={14609--14614},
  year={2016},
  publisher={National Acad Sciences}
}

@article{legros16,
  title={Comparison of two detailed models of {A}edes aegypti population dynamics},
  author={Legros, Mathieu and Otero, Marcelo and Romeo Aznar, Victoria and Solari, Hernan and Gould, Fred and Lloyd, Alun L},
  journal={Ecosphere},
  volume={7},
  number={10},
  year={2016},
  publisher={Wiley Online Library}
}

@Article{lei10,        DOI={doi: 10.1175/2009MWR3133.1}, Author={Lei, Jing and Bickel, Peter and Snyder, Chris},
        Title={Comparison of Ensemble {K}alman Filters under Non-{G}aussianity},
        Journal=MWR,
        Pages={1293--1306},
        Year={2010},
        Volume={138},
        Number={4},
        URL={http://dx.doi.org/10.1175/2009MWR3133.1},
}

@article {lele07,doi = {10.1111/j.1461-0248.2007.01047.x},
author = {Lele, Subhash R. and Dennis, Brian and Lutscher, Frithjof},
title = {Data cloning: Easy maximum likelihood estimation for complex ecological models using {B}ayesian {M}arkov chain {M}onte {C}arlo methods},
journal = {Ecology Letters},
volume = {10},
xnumber = {7},
publisher = {Blackwell Publishing Ltd},
issn = {1461-0248},
url = {http://dx.doi.org/10.1111/j.1461-0248.2007.01047.x},
pages = {551--563},
year = {2007},
}

@article{lele10,doi={10.1198/jasa.2010.tm09757}, author = {Lele, Subhash R. and Nadeem, Khurram and Schmuland, Byron},
title = {Estimability and Likelihood Inference for Generalized Linear Mixed Models Using Data Cloning},
xjournal = {Journal of the American Statistical Association},
journal=JASA,
volume = {105},
xnumber = {492},
pages = {1617--1625},
year = {2010},
URL = {http://pubs.amstat.org/doi/abs/10.1198/jasa.2010.tm09757},
eprint = {http://pubs.amstat.org/doi/pdf/10.1198/jasa.2010.tm09757}
}

@article{lemaitre20,
  title={Assessing the impact of non-pharmaceutical interventions on {SARS}-{CoV}-2 transmission in {S}witzerland},
  author={Lemaitre, Joseph Chadi and Perez-Saez, Javier and Azman, Andrew and Rinaldo, Andrea and Fellay, Jacques},
  journal={Swiss Medical Weekly},
  year={2020},
  volume={150},
  pages={w20295}
}

@article{leutbecher08,
  title={Ensemble forecasting},
  author={Leutbecher, Martin and Palmer, Tim N},
  journal={Journal of Computational Physics},
  volume={227},
  number={7},
  pages={3515--3539},
  year={2008},
  publisher={Elsevier}
}

@article{li20,
  title={Substantial undocumented infection facilitates the rapid dissemination of novel coronavirus ({SARS}-{CoV}-2)},
  author={Li, Ruiyun and Pei, Sen and Chen, Bin and Song, Yimeng and Zhang, Tao and Yang, Wan and Shaman, Jeffrey},
  journal={Science},
  volume={368},
  number={6490},
  pages={489--493},
  year={2020},
  publisher={American Association for the Advancement of Science}
}

@article{lindsay97,
  title={On second-order optimality of the observed {F}isher information},
  author={Lindsay, Bruce G and Li, Bing},
  xjournal={The Annals of Statistics},
  journal=AOS,
  volume={25},
  number={5},
  pages={2172--2199},
  year={1997},
  publisher={Institute of Mathematical Statistics}
}

@book(liu01, 
author = "Liu, J. S.", 
year = 2001, 
title = "Monte \mbox{C}arlo Strategies in Scientific Computing",
publisher = "Springer", 
address = "New York" 
)

@incollection{janeliu01, 
author = {Liu, J and West, M.},
year = {2001}, 
title = {Combining Parameter and State Estimation in Simulation-Based Filtering},
booktitle = {Sequential \mbox{M}onte \mbox{C}arlo Methods in Practice},
editor = {Doucet, A. and de Freitas, N. and Gordon, N. J.},
pages = {197--224}, 
publisher = {Springer}, 
address = {New York}
}

@article{lorenz96,
	title = {Predictability: A problem partly solved},
	journal = {Proceedings of the Seminar on Predictability},
	volume = {1},
	year = {1996},
	pages = {1-18},
	publisher = {ECMWF},
	organization = {ECMWF},
	address = {Shinfield Park, Reading},
	author = {Lorenz, E. N.}
}

@Article{lowe13,
author="Lowe, Rachel
and Chirombo, James
and Tompkins, Adrian M.",
title="Relative importance of climatic, geographic and socio-economic determinants of malaria in Malawi",
journal="Malaria Journal",
year="2013",
month="Nov",
day="14",
volume="12",
number="1",
pages="416",
doi="10.1186/1475-2875-12-416",
url="https://doi.org/10.1186/1475-2875-12-416"
}

@article{lloyd2001,
  title={Destabilization of epidemic models with the inclusion of realistic distributions of infectious periods},
  author={Lloyd, Alun L},
  journal={Proc R Soc Lond B},
  volume={268},
  number={1470},
  pages={985--993},
  year={2001},
  publisher={The Royal Society}
}

@ARTICLE{ljung79,
author={ Ljung, L.},
journal={Automatic Control, IEEE Transactions on},
title={Asymptotic behavior of the extended {K}alman filter as a parameter estimator for linear systems},
year={1979},
month={feb},
volume={24},
xnumber={1},
pages={ 36 - 50},
keywords={ Kalman filtering; Linear systems, stochastic discrete-time; Parameter estimation;},
xdoi={10.1109/TAC.1979.1101943},
ISSN={0018-9286},}

MMMMMMMMMMMMMMMM

@article{magori09,
  title={{S}keeter {B}uster: a stochastic, spatially explicit modeling tool for studying {A}edes aegypti population replacement and population suppression strategies},
  author={Magori, Krisztian and Legros, Mathieu and Puente, Molly E and Focks, Dana A and Scott, Thomas W and Lloyd, Alun L and Gould, Fred},
  xjournal={PLoS neglected tropical diseases},
  journal=PLoS-NTD,
  volume={3},
  number={9},
  pages={e508},
  year={2009},
  publisher={Public Library of Science}
}

@article{manoli15,
  title={An iterative particle filter approach for coupled hydro-geophysical inversion of a controlled infiltration experiment},
  author={Manoli, Gabriele and Rossi, Matteo and Pasetto, Damiano and Deiana, Rita and Ferraris, Stefano and Cassiani, Giorgio and Putti, Mario},
  journal={Journal of Computational Physics},
  volume={283},
  pages={37--51},
  year={2015},
  publisher={Elsevier}
}

@article{marino18,
  title={Evaluating consumptive and nonconsumptive predator effects on prey density using field times series data},
  author={Marino, J. A. and Peacor, S. D.  and Bunnell, D. B.  and Vanderploeg, H. A. and Pothoven, S. A. and Elgin, A. K. and Bence, J. R. and Jiao, J. and Ionides, E. L.},
  journal={Ecology},
  volume={100},
  number={3},
  pages={e02583},
  year={2019},
  publisher={Wiley Online Library}
}

@Article{marjoram03,
  Doi = {10.1073/pnas.0306899100}, 
  rmdCite={<a href="http://dx.doi.org/10.1073/pnas.0306899100">@marjoram03</a>},
  Author = {Marjoram, Paul and Molitor, John and Plagnol, Vincent and Tavar\'{e}, Simon}, 
  Title = {Markov chain {M}onte {C}arlo without likelihoods}, 
  Volume = {100}, 
  Xnumber = {26}, 
  Pages = {15324-15328}, 
  Year = {2003}, 
  Journal = PNAS,
}

@article{metropolis53,
  title={Equation of state calculations by fast computing machines},
  author={Metropolis, Nicholas and Rosenbluth, Arianna W and Rosenbluth, Marshall N and Teller, Augusta H and Teller, Edward},
  xjournal={The Journal of Chemical Physics},
  journal=JCP,
  volume={21},
  xnumber={6},
  pages={1087--1092},
  year={1953},
  publisher={AIP Publishing}
}

@article{mikelson20,
  title={Likelihood-free nested sampling for parameter inference of biochemical reaction networks},
  author={Mikelson, Jan and Khammash, Mustafa},
  xjournal={PLoS Computational Biology},
  journal=PLoS-CompBIo,
  volume={16},
  number={10},
  pages={e1008264},
  year={2020},
  publisher={Public Library of Science San Francisco, CA USA}
}

@article{mondini08,
title = {Spatial correlation of incidence of dengue with socioeconomic, demographic and environmental variables in a {B}razilian city},
author = {Mondini, A. and Chiaravalloti-Neto, F.},
journal={Science of the Total Environment},
year = {2008},
volume = {393},
pages = {241-248}
}

NNNNNNNNNNNNNNN

@article{naesseth19,
  title={High-dimensional filtering using nested sequential {M}onte {C}arlo},
  author={Naesseth, Christian A and Lindsten, Fredrik and Sch{\"o}n, Thomas B},
  journal={IEEE Transactions on Signal Processing},
  volume={67},
  number={16},
  pages={4177--4188},
  year={2019},
  publisher={IEEE}
}

@article{ng02,
  title={Factored particles for scalable monitoring},
  author={Ng, Brenda and Peshkin, Leonid and Pfeffer, Avi},
  xjournal={Proc. 18th Conf. Uncertainty Artif. Intell.},
  journal={Proceedings of the 18th Conference on Uncertainty and Artificial Intelligence},
  year={2002},
  pages={370-377}
}

@Article{nguyen17, text={Nguyen, D. and Ionides, E. L. (2016). "A second-order iterated smoothing algorithm"},
  Author = {Nguyen, D. and Ionides, E. L.},
  Year = {2015},  
  Title = {A second-order iterated smoothing algorithm},
  Journal = SC,
  Volume={27},
  Number={6},
  Pages={1677--1692},
}

@article{ning21,
title = {Scalable {M}onte {C}arlo inference and rescaled local asymptotic normality},
author = {Ning, N. and Ionides, E. L. and Ritov, Y.},
year = {2021},
journal = {Bernoulli},
volume = {27},
pages={2532--2555}
}

@article{ning21-ibpf,
  title={Iterated Block Particle Filter for High-dimensional Parameter Learning: Beating the Curse of Dimensionality},
  author={Ning, Ning and Ionides, Edward L},
  journal={arXiv:2110.10745},
  year={2021}
}

@article{nogueira05, doi = {10.3201/eid1109.041043},
author = {Nogueira, R. and Schatzmayr, H. and Bispo de Filippis, A. and Barreto dos Santos, F. and Venancio da Cunha, R. and Coelho, J. and Souza, L.J. and Ramos Guimar\~{a}es, F. and Saraiva Machado de Ara\'{u}jo. E. and Santos De Simone. T. and Baran, M. and Teixeira, G. and Miagostovich, M},
title = {Dengue Virus Type 3, {B}razil, 2002},
journal = {Emerging Infectious Diseases},
year = {2005},
volume = {11},
number ={9},
pages = {1376--1381}
}

@article{nogueira99,
author = {Nogueira, R.M.R. and Miagostovich, M.P. and Schatzmayr, H.G. and Santos, F.B. and Ara\'{u}jo, E.S.M. and Filippis, A.M.B.},
title = {Dengue in the state of {R}io de {J}aneiro, {B}razil, 1986-1998},
journal = {Mem. Inst. Oswaldo Cruz},
year = {1999},
volume = {94},
pages = {297--304}
}

OOOOOOOOOOOOOOO

@article{otero08,
  title={A stochastic spatial dynamical model for {A}edes aegypti},
  author={Otero, Marcelo and Schweigmann, Nicol{\'a}s and Solari, Hern{\'a}n G},
  journal={Bulletin of Mathematical Biology},
  volume={70},
  number={5},
  pages={1297--1325},
  year={2008},
  publisher={Springer}
}

@article{otero11,
  title={Modeling dengue outbreaks},
  author={Otero, Marcelo and Barmak, Daniel H and Dorso, Claudio O and Solari, Hern{\'a}n G and Natiello, Mario A},
  journal={Mathematical Biosciences},
  volume={232},
  number={2},
  pages={87--95},
  year={2011},
  publisher={Elsevier}
}


PPPPPPPPPPPPPPPP

@book{paho13, xurl="http://www.paho.org",
title={Strategic plan of the Pan American Health Organization 2014-2019},
author = {Pan {A}merican {H}ealth {O}rganization},
year={2013},
publisher={PAHO},
address={Washington, DC}
}

@article{palmer02,
  title={The economic value of ensemble forecasts as a tool for risk assessment: From days to decades},
  author={Palmer, Tim N},
  journal={Quarterly Journal of the Royal Meteorological Society},
  volume={128},
  number={581},
  pages={747--774},
  year={2002},
  publisher={Wiley Online Library}
}

@Article{park19a,
   Author = {Park, J. and Ionides, E. L.},
    Title = {A guided intermediate resampling particle filter for inference on high dimensional systems},
  Journal = {Arxiv:1708.08543v2},
   eprint = {1708.08543},
     year = 2019
}

@Article{park19,
   Author = {Park, J. and Ionides, E. L.},
    Title = {Inference on high-dimensional implicit dynamic models using a guided intermediate resampling filter},
  Journal = {Arxiv:1708.08543v3},
   eprint = {1708.08543},
     year = 2019
}

@Article{park20,
   Author = {Park, J. and Ionides, E. L.},
    Title = {Inference on high-dimensional implicit dynamic models using a guided intermediate resampling filter},
  Journal = SC,
    pages = {1497--1522},
   volume = {30},
     year = 2020
}


@article(pitt99, xurl="http://www.jstor.org/stable/2670179",
author = "Pitt, M. K. and Shepard, N.",
year = 1999, 
title = "Filtering via simulation: Auxillary particle filters",
journal = JASA,
volume = 94, 
pages = "590--599"
)

@article{pons-salort18,
  title={Serotype-specific immunity explains the incidence of diseases caused by human enteroviruses},
  author={Pons-Salort, Margarita and Grassly, Nicholas C},
  journal={Science},
  volume={361},
  number={6404},
  pages={800--803},
  year={2018},
  publisher={American Association for the Advancement of Science}
}

@article{poterjoy16,
  title={A localized particle filter for high-dimensional nonlinear systems},
  author={Poterjoy, Jonathan},
  xjournal={Monthly Weather Review},
  journal=MWR,
  volume={144},
  number={1},
  pages={59--76},
  year={2016}
}

@article{poterjoy19,
  title={Progress toward the application of a localized particle filter for numerical weather prediction},
  author={Poterjoy, Jonathan and Wicker, Louis and Buehner, Mark},
  journal={Monthly Weather Review},
  volume={147},
  number={4},
  pages={1107--1126},
  year={2019},
  publisher={American Meteorological Society}
}

QQQQQQQQQQQQQQQQ

RRRRRRRRRRRRRRRR


@Article{rebeschini15, 
Text={Rebeschini, P, and van Handel, R. (2015). Can local particle filters beat the curse of dimensionality? Ann. Applied Prob.},
Author = {Rebeschini, P. and van Handel, R.},
Year = {2015}, 
Title = {Can local particle filters beat the curse of dimensionality?},
Journal = {The Annals of Applied Probability},
Number = {5},
Volume= {25},
Pages={2809--2866},
}

@article{ribeiro06,
title = {Associac\~{a}o entre incidencia de dengue e vari\'{a}veis clim\'{a}ticas},
author = {Ribeiro, A.F. and Marques, G.R.A.M. and Voltolini, J.C. and Condini, 
M.F.L.},
year = {2006},
journal = {Rev. Sa\'{u}de P\'{u}blica},
volume = {40},
pages = {671--676}
}

@article{rimella22,
  title={Exploiting locality in high-dimensional Factorial hidden {M}arkov models},
  author={Rimella, Lorenzo and Whiteley, Nick},
  journal={Journal of Machine Learning Research},
  volume={23},
  number={4},
  pages={1--34},
  year={2022}
}

@Article{romero-severson15,doi={10.1093/aje/kwv044}, text={Romero-Severson, EO, Volz, E, Koopman, JS, Leitner, T and Ionides, EL (2015). Dynamic Variation in Sexual Contact Rates in a Cohort of HIV-Negative Gay Men. American Journal of Epidemiology 182:255-262.}, 
  Title={Dynamic Variation in Sexual Contact Rates in a Cohort of {HIV}-Negative Gay Men},
  Author={Romero-Severson, EO and Volz, E and Koopman, JS and Leitner, T and Ionides, EL},
  xJournal={American Journal of Epidemiology},
  Journal=AJE,
  Pages={255-262},
  Volume={182},
  Year={2015},
  Publisher=OUP
}

@article(roy13, xdoi={10.1371/journal.pntd.0001979},
author = "Roy, M. and Bouma, M. J. and Ionides, E. L. and Dhiman, R. C. and Pascual, M.",
year = 2013, 
title = "The potential elimination of {P}lasmodium vivax malaria by relapse treatment: Insights from a transmission model and surveillance data from {NW} {I}ndia",
journal = PLoS-NTD,
volume = 7, 
pages = "e1979"
)

@Article{Roy2015,
author="Roy, Manojit
and Bouma, Menno
and Dhiman, Ramesh C.
and Pascual, Mercedes",
title="Predictability of epidemic malaria under non-stationary conditions with process-based models combining epidemiological updates and climate variability",
journal="Malaria Journal",
year="2015",
month="Oct",
day="26",
volume="14",
number="1",
pages="419",
issn="1475-2875",
doi="10.1186/s12936-015-0937-3",
url="https://doi.org/10.1186/s12936-015-0937-3"
}

@article{ryden97,
title = "On recursive estimation for hidden Markov models",
journal = "Stochastic Processes and their Applications",
volume = "66",
xnumber = "1",
pages = "79 - 96",
year = "1997",
note = "",
issn = "0304-4149",
xdoi = "10.1016/S0304-4149(96)00114-7",
xurl = "http://www.sciencedirect.com/science/article/pii/S0304414996001147",
author = "Tobias Ryd\'{e}n"
}

SSSSSSSSSSSS

@article{salje17,
  title={Dengue diversity across spatial and temporal scales: Local structure and the effect of host population size},
  author={Salje, Henrik and Lessler, Justin and Berry, Irina Maljkovic and Melendrez, Melanie C and Endy, Timothy and Kalayanarooj, Siripen and Atchareeya, A and Chanama, Sumalee and Sangkijporn, Somchai and Klungthong, Chonticha and  Thaisomboonsuk, Butsaya  and Nisalak, Ananda and Gibbons, Robert V. and Iamsirithaworn, Sopon and Macareo,  Louis R. and Yoon, In-Kyu  and Sangarsang, Areerat  and  Jarman, Richard G. and Cummings, Derek A. T.},
  journal={Science},
  volume={355},
  number={6331},
  pages={1302--1306},
  year={2017},
  publisher={American Association for the Advancement of Science}
}

@article{santosvega16,
    author = {Santos-Vega, Mauricio AND Bouma, Menno J AND Kohli, Vijay AND Pascual, Mercedes},
    journal = {PLOS Neglected Tropical Diseases},
    publisher = {Public Library of Science},
    title = {Population Density, Climate Variables and Poverty Synergistically Structure Spatial Risk in Urban Malaria in India},
    year = {2016},
    month = {12},
    volume = {10},
    url = {https://doi.org/10.1371/journal.pntd.0005155},
    pages = {1-18},
    number = {12},
    doi = {10.1371/journal.pntd.0005155}
}

@article{sharpe77,
  title={Reaction kinetics of poikilotherm development},
  author={Sharpe, Peter JH and DeMichele, Don W},
  journal={Journal of Theoretical Biology},
  volume={64},
  number={4},
  pages={649--670},
  year={1977},
  publisher={Elsevier}
}


@article{shaman12,xdoi = {10.1073/pnas.1208772109},text={Shaman, J. and A. Karspeck (2012). Forecasting seasonal outbreaks of influenza. PNAS 109:20425-20430.},
author = {Shaman, Jeffrey and Karspeck, Alicia}, 
title = {Forecasting seasonal outbreaks of influenza},
volume = {109}, 
xnumber = {50}, 
pages = {20425-20430}, 
year = {2012}, 
XURL = {http://www.pnas.org/content/109/50/20425.abstract}, 
eprint = {http://www.pnas.org/content/109/50/20425.full.pdf+html}, 
journal = PNAS
}

@article{shrestha11,    xdoi = {10.1371/journal.pcbi.1002135}, text={Shrestha, S., A. A. King and P. Rohani (2011). "Statistical Inference for Multi-Pathogen Systems". PLoS Comput Biol 7:e1002135. http://dx.doi.org/10.1371/journal.pcbi.1002135},
    author = {Shrestha, Sourya AND King, Aaron A. AND Rohani, Pejman},
    xjournal = {PLoS Comput Biol},
    journal = PLoS-CompBio,
    publisher = {Public Library of Science},
    title = {Statistical Inference for Multi-Pathogen Systems},
    year = {2011},
    month = {08},
    volume = {7},
    xurl = {http://dx.doi.org/10.1371%2Fjournal.pcbi.1002135},
    pages = {e1002135},
    xnumber = {8},
}        

@article{shrestha13,xdoi = {10.1126/scitranslmed.3005982}, 
author = {Shrestha, Sourya and Foxman, Betsy and Weinberger, Daniel M. and Steiner, Claudia and Viboud, C\'{e}cile and Rohani, Pejman}, 
title = {Identifying the Interaction Between Influenza and Pneumococcal Pneumonia Using Incidence Data},
volume = {5}, 
xnumber = {191}, 
pages = {191ra84}, 
year = {2013}, 
XURL = {http://stm.sciencemag.org/content/5/191/191ra84.abstract}, 
eprint = {http://stm.sciencemag.org/content/5/191/191ra84.full.pdf}, 
xjournal = {Science Translational Medicine},
yjournal = {Science Transl. Med.},
journal=STM
}

@Article{smith17, Doi={10.1093/molbev/msx124},
  rmdCite={<a href="http://dx.doi.org/">@smith16</a>},
  Author = {Smith, R. A. and Ionides, E. L. and King, A. A.},
  Year = {2017}, 
  Title = {Infectious Disease Dynamics Inferred from Genetic Data via Sequential {M}onte {C}arlo},
  Journal = MBE,
  xJournal = {Molecular Biology and Evolution},
  Volume = {pre-published online, doi:10.1093/molbev/msx124}, 
  Pages = {}
}

@article{snyder15,
  title={Performance bounds for particle filters using the optimal proposal},
  author={Snyder, Chris and Bengtsson, Thomas and Morzfeld, Mathias},
  journal={Monthly Weather Review},
  volume={143},
  number={11},
  pages={4750--4761},
  year={2015}
}

@ARTICLE{storvik02,xdoi={10.1109/78.978383},
title={Particle filters for state-space models with the presence of unknown static parameters},
author={Storvik, G.},
xjournal={IEEE Transactions on Signal Processing},
yjournal={IEEE Trans. Sig. Proc.},
journal=TSP,
year={2002},
month={Feb},
volume={50},
xnumber={2},
pages={281-289},
ISSN={1053-587X} }

@article{subramanian21,
  title={Quantifying asymptomatic infection and transmission of {COVID}-19 in {N}ew {Y}ork {C}ity using observed cases, serology, and testing capacity},
  author={Subramanian, Rahul and He, Qixin and Pascual, Mercedes},
  xjournal={Proceedings of the National Academy of Sciences},
  journal=PNAS,
  volume={118},
  number={9},
  year={2021},
  publisher={National Acad Sciences}
}

TTTTTTTTTTTTTT

@article{teixeira11, 
title = {Spatial modeling of dengue and socio-environmental indicators in the city of {R}io de {J}aneiro, {B}razil},
author = {Teixeira, T.R.A. and Cruz, O.G.},
year = {2011},
journal = {Caderno de Sa\'{u}de P\'{u}blica},
volume = {27},
number = {3},
pages = {591--602}}}


@article(toni09, xdoi="10.1098/rsif.2008.0172", text={Toni et al (2009). Approximate Bayesian computation scheme for parameter inference and model selection in dynamical systems. J. Roy. Soc. Interface 6:187-202.},
author = "Tina Toni and David Welch and Natalja Strelkowa and Andreas Ipsen and Michael P.H. Stumpf",
year = 2009, 
title = "Approximate {B}ayesian computation scheme for parameter inference and model selection in dynamical systems",
journal = JRSI,
volume = "6", 
pages = " 187-202"
)

UUUUUUUUUUU

VVVVVVVVVVVV

@article{vankekem18,
  title={Travelling waves and their bifurcations in the {L}orenz-96 model},
  author={van Kekem, Dirk L and Sterk, Alef E},
  journal={Physica D: Nonlinear Phenomena},
  volume={367},
  pages={38--60},
  year={2018},
  publisher={Elsevier}
}

@article{varin11,
  title={An overview of composite likelihood methods},
  author={Varin, Cristiano and Reid, Nancy and Firth, David},
  journal={Statistica Sinica},
  pages={5--42},
  year={2011},
  publisher={JSTOR}
}

@article{verge13,
  title={On parallel implementation of sequential {M}onte {C}arlo methods: The island particle model},
  author={Verg{\'e}, Christelle and Dubarry, Cyrille and Del Moral, Pierre and Moulines, Eric},
  journal=SC,
  volume={25},
  number={2},
  pages={243--260},
  year={2013},
  publisher={Springer}
}

WWWWWWWWWWWWW

@INPROCEEDINGS{wan00,xdoi={10.1109/ASSPCC.2000.882463},title={The unscented {K}alman filter for nonlinear estimation},
author={Wan, E.A. and van der Merwe, R.},
booktitle={Adaptive Systems for Signal Processing, Communications, and Control, Symposium 2000},
xpublisher={IEEE},
organization={IEEE},
year={2000},
month={},
volume={},
xnumber={},
pages={153--158},
ISSN={}}

@article{whitehouse22,
  author = {Whitehouse, Michael and Whiteley, Nick and Rimella, Lorenzo},
  title = {Consistent and fast inference in compartmental models of epidemics using {P}oisson {A}pproximate {L}ikelihoods},
  journal = {arXiv:2205.13602},
  year = {2022}
}


@ARTICLE{whiteley13,
   author = {Whiteley, N.},
    title = "{Stability properties of some particle filters}",
  journal=AOAP,
  volume={23},
  xnumber={6},
  pages={2500--2537},
  year={2013},
}

@book(wilkinson12, 
author = "Wilkinson, D. J.", 
year = 2012, 
title = "Stochastic Modelling for Systems Biology",
publisher = "Chapman \& Hall",
address = "Boca Raton, FL"
)

@Article{wood10,       XDOI={10.1038/nature09319}, xurl={http://dx.doi.org/10.1038/nature09319}, title={Statistical inference for noisy nonlinear ecological dynamic systems}, text={Wood (2010). Statistical inference for noisy nonlinear ecological dynamic systems. Nature 466:1102-1104.},
        Author={Wood, Simon N.},
       journal={Nature},
        Pages={1102--1104},
        Year={2010},
         Volume={466},
        xNumber={7310},
        XURL={http://dx.doi.org/10.1038/nature09319},
}

XXXXXXXXXXXXXX

@article{xavier17, doi={10.1590/0102.311X00186615},
author={Xavier, D.R. and de Avelar Figuereido Mafra Magalhaes, M. and Gracie, R. and dos Reis, I.C. and Pascoal de Matos, V. and Barcellos, C.},
title={Spatio-temporal diffusion of dengue in the municipality of Rio de Janeiro 2000--2013},
year={2017},
journal={Cadernos de Sa\'{u}de P\'{u}blica},
volume={33},
number={2},
pages={1--13}
}

@Article{xia04,  doi = {10.1086/422341}, author = {Xia, Yingcun  and Bj{\o}rnstad,  Ottar N.  and  Grenfell, Bryan T.},
  title = {Measles metapopulation dynamics: A gravity model for epidemiological coupling and dynamics},
  journal = AmNat,
  year = {2004},
  volume = {164},
  pages = {267--281},
  number = {2}
}

@article{xu19,
  title={Particle filters for inference of high-dimensional multivariate stochastic volatility models with cross-leverage effects},
  author={Xu, Yaxian and Jasra, Ajay},
  journal={Foundations of Data Science},
  volume={1},
  number={1},
  pages={61},
  year={2019},
  publisher={American Institute of Mathematical Sciences}
}

YYYYYYYYYYYYY

@article{yang14,xdoi={10.1371/journal.pcbi.1003583},
  title={Comparison of Filtering Methods for the Modeling and Retrospective Forecasting of Influenza Epidemics},
  author={Yang, Wan and Karspeck, Alicia and Shaman, Jeffrey},
  journal=PLoS-CompBio,
  volume={10},
  xnumber={4},
  pages={e1003583},
  year={2014},
  publisher={Public Library of Science}
}


@article{you20,
  title={Estimation of the time-varying reproduction number of {COVID-19} outbreak in China},
  author={You, Chong and Deng, Yuhao and Hu, Wenjie and Sun, Jiarui and Lin, Qiushi and Zhou, Feng and Pang, Cheng Heng and Zhang, Yuan and Chen, Zhengchao and Zhou, Xiao-Hua},
  journal={International Journal of Hygiene and Environmental Health},
  volume={228},
  pages={113555},
  year={2020},
  publisher={Elsevier}
}


ZZZZZZZZZZZ


