@string{AIChEJ="American Institute of  Chemical Engineers Journal"}
@string{AJE="American Journal of Epidemiology"}
@string{AJTMH="American Journal of Tropical Medicine and Hygiene"}
@string{AmNat="American Naturalist"}
@string{AOAS="Annals of Applied Statistics"}
@string{AOAP="Annals of Applied Probability"}
@string{AnnMathStat="Annals of Mathematical Statistics"}
@string{AOS="Annals of Statistics"}
@string{AppStat="Applied Statistics"}
@string{AICEJ="American Institute of Chemical Engineers Journal"}
@string{BWHO="Bulletin of the World Health Organization"}
@string{CUP="Cambridge University Press"}
@string{CH="Chapman and Hall"}
@string{CMB="Clinical Microbiology Reviews"}
@string{EJP="Electronic Journal of Probability"}
@string{EJS="Electronic Journal of Statistics"},
@string{TSP="IEEE Transactions on Signal Processing"}
@string{IJE="International Journal of Epidemiology"},
@string{ISR="International Statistical Review"},
@string{JAP="Journal of Applied Probability"}
@string{JC="Journal of Climate"}
@string{JCGS="Journal of Computational and Graphical Statistics"}
@string{JMB="Journal of Mathematical Biology"}
@string{JNE="Journal of Neural Engineering"}
@string{JN="Journal of Neuroscience"}
@string{JAMA="Journal of the American Medical Association"}
@string{JASA="Journal of the American Statistical Association"}
@string{JRSSB="Journal of the Royal Statistical Society, Series B (Statistical Methodology)"}
@string{JRSSC="Journal of the Royal Statistical Society: Series C (Applied Statistics)"}
@string{OUP="Oxford University Press"}
@string{PUP="Princeton University Press"}
@string{JBES="Journal of Business and Economic Statistics"}
@string{JRSI="Journal of the  Royal Society Interface"}
@string{MBE="Molecular Biology and Evolution"}
@string{MWR="Monthly Weather Review"}
@string{PLoS-Med="PLoS Medicine"}
@string{PLoS-Bio="PLoS Biology"}
@string{PLoS-CompBio="PLoS Computational Biology"}
@string{PLoS-Path="PLoS Pathogens"}
@string{PLMS="Proceedings of the London Mathematical Society"}
@string{PRSLA="Proceedings of the Royal Society of London, Series A"}
@string{PRSLB="Proceedings of the Royal Society of London, Series B"}
@string{PRSB="Proceedings of the Royal Society of London, Series B"}
@string{PNAS="Proceedings of the National Academy of Sciences of the USA"}
@string{SS="Statistica Sinica"}
@string{StatSci={Statistical Science}}
@string{SC="Statistics and Computing"}
@string{SPL="Statistics and Probability Letters"}
@string{SM="Statistics in Medicine"}
@string{TRSTMH="Transactions of the Royal Society of Tropical Medicine and Hygiene"}

AAAAAAAAAAAAA

@article{andrieu09, doi="10.1214/07-AOS574", textref={C. Andrieu and G.O. Roberts (2009). The pseudo-marginal approach for efficient computation. Ann Stat 37:697-725},
  rmdCite={<a href="http://dx.doi.org/10.1214/07-AOS574">@andrieu09</a>},
author = "Christophe Andrieu and Gareth O. Roberts",
year = 2009, 
title = "The pseudo-marginal approach for efficient computation",
journal = AoS,
volume = "37", 
pages = "697--725"
}

@article{andrieu10, doi="10.1111/j.1467-9868.2009.00736.x", textref={Andrieu, C., A. Doucet and R. Holenstein (2010), Particle Markov chain Monte Carlo methods, J. Roy. Stat. Soc B 72:269-342},
author = "Christophe Andrieu and Arnaud Doucet and Roman Holenstein",
year = 2010, 
title = "Particle {M}arkov chain {M}onte {C}arlo methods",
journal = JRSSB,
volume = "72", 
pages = "269--342"
}

@Article{arulampalam02,
  Title                    = {A Tutorial on Particle Filters for Online Nonlinear, Non-{G}aussian {B}ayesian Tracking},
  Author                   = {Arulampalam, M. S. and Maskell, S. and Gordon, N. and Clapp, T.},
  Journal                  = TSP,
  Year                     = {2002},
  Pages                    = {174 -- 188},
  Volume                   = {50}
}

@Article{asfaw20github, 
Author = {Asfaw, K. and  Ionides, E. L. and King, A. A.},
Year = {2019}, 
Title = {\texttt{spatPomp}: R package for Statistical Inference for Spatiotemporal Partially Observed {M}arkov Processes},
Journal ={\url{https://github.com/kidusasfaw/spatPomp}},
xVolume = {69}, 
xPages = {1--43}
}

BBBBBBBBBBBBBB

@article{bardenet15,
  rmdCite={<a href="https://arxiv.org/abs/1505.02827">@bardenet15</a>},
  url={https://arxiv.org/abs/1505.02827},
  title={On {M}arkov chain {M}onte {C}arlo methods for tall data},
  author={Bardenet, R{\'e}mi and Doucet, Arnaud and Holmes, Chris},
  journal={ArXiv:1505.02827},
  year={2015}
}

@article{barndorff83, 
  title={On a formula for the distribution of the maximum likelihood estimator},
  author={Barndorff-Nielsen, Ole},
  journal={Biometrika},
  volume={70},
  number={2},
  pages={343--365},
  year={1983},
  publisher={Biometrika Trust}
}

@Book{barndorff94,
Author = {Barndorff-Nielsen, O. E. and Cox, D. R.},
Year = {1994},
Title = {Inference and Asymptotics},
Publisher = CH,
Address = {London}
}

@article{barton06,
  title={Metamodel-based simulation optimization},
  author={Barton, Russell R and Meckesheimer, Martin},
  journal={Handbooks in Operations Research and Management Science},
  volume={13},
  pages={535--574},
  year={2006},
  publisher={Elsevier}
}

@Article{becker16,doi={10.1073/pnas.1604976113},
  title={Estimating enhanced prevaccination measles transmission hotspots in the context of cross-scale dynamics},
  author={Becker, Alexander D and Birger, Ruthie B and Teillant, Aude and Gastanaduy, Paul A and Wallace, Gregory S and Grenfell, Bryan T},
  journal=PNAS,
  xjournal={Proceedings of the National Academy of Sciences},
  volume={113},
  number={51},
  pages={14595--14600},
  year={2016},
  publisher={National Acad Sciences}
}

@Incollection{bengtsson08, 
  Doi={10.1007/978-3-642-01094-1}, 
  rmdCite={<a href="http://dx.doi.org/10.1007/978-3-642-01094-1">@bengtsson08</a>},
   url={http://arxiv.org/abs/0805.3034},
  Author = "Bengtsson, T. and  Bickel, P. and Li, B.",
  Year = 2008, 
  Title = "Curse-of-dimensionality revisited: Collapse of the particle filter in very large scale systems",
  Booktitle="Probability and Statistics: Essays in Honor of {D}avid {A}. {F}reedman",
  Editor={Speed, T. and Nolan, D.},
  Pages = "316--334",
  Publisher="Institute of Mathematical Statistics",
  Address="Beachwood, OH"
}

@Article{berard14, 
  Doi={10.1214/EJP.v19-3428},
  rmdCite={<a href="http://dx.doi.org/10.1214/EJP.v19-3428">@berard14</a>},
  Title={A lognormal central limit theorem for particle approximations of normalizing constants},
  Author={B{\'e}rard, Jean and Del Moral, Pierre and Doucet, Arnaud},
  Journal=EJP,
  Volume={19},
  Xnumber={94},
  Pages={1--28},
  Year={2014}
}

@book{bickel93,
author = "Bickel, P. J. and Klaassen, C. A. J. and Ritov, Y. and Wellner, J. A.",  
year = 1993,  
title = "Efficient and Adaptive Estimation for Semiparametric Models",
publisher = "Johns Hopkins University Press, Baltimore" 
}

@article(bjornstad01, doi="10.1126/science.1062226",
author = "Bj{\o}rnstad, O. N. and Grenfell, B. T.",
year = 2001,
title = "Noisy Clockwork: Time Series Analysis of Population Fluctuations in Animals",
journal = "Science",
volume = 293,
pages = "638--643"
)


@Article{bjornstad07,        
  DOI={10.1007/s10651-007-0059-3},
  Author={Bjornstad, Ottar and Grenfell, Bryan},
  Title={Hazards, spatial transmission and timing of outbreaks in epidemic metapopulations},
  rmdCite={<a href="http://dx.doi.org/10.1007/s10651-007-0059-3">@bjornstad07</a>},
  Journal={Environmental and Ecological Statistics},
  Pages={265--277},
  Year={2008},
  Volume={15},
  Xnumber={3},
  URL={http://dx.doi.org/10.1007/s10651-007-0059-3}
}

@Article{blackwood13,doi = {10.1073/pnas.1220908110}, text={Blackwood, JC. et al (2013). "Deciphering the impacts of vaccination and immunity on pertussis epidemiology in Thailand." PNAS 110:9595-9600},
Author = {Blackwood, Julie C. and Cummings, Derek A. T. and Broutin, H\'{e}l\`{e}ne and Iamsirithaworn, Sopon and Rohani, Pejman}, 
Title = {Deciphering the impacts of vaccination and immunity on pertussis epidemiology in {T}hailand},
Year = {2013}, 
URL = {http://www.pnas.org/content/early/2013/05/16/1220908110.abstract}, 
eprint = {http://www.pnas.org/content/early/2013/05/16/1220908110.full.pdf+html}, 
Journal = PNAS,
Volume = 110,
Pages =  {9595–-9600}
}

@Article{blackwood13b, text={Blackwood, JC. et al (2013). "Resolving the roles of immunity, pathogenesis, and immigration for rabies persistence in vampire bats." PNAS 110:20837–20842.},
Author = {Blackwood, Julie C. and Streicker, Daniel G. and Altizer, Sonia and Rohani, Pejman}, 
Title = {Resolving the roles of immunity, pathogenesis, and immigration for rabies persistence in vampire bats},
Year = {2013}, 
doi = {10.1073/pnas.1308817110}, 
URL = {http://www.pnas.org/content/early/2013/11/27/1308817110.abstract}, 
eprint = {http://www.pnas.org/content/early/2013/11/27/1308817110.full.pdf+html}, 
Volume = 110,
Number=23,
Pages={20837–-20842},
Journal = PNAS
}

@Article{blake14,
Author = {Blake, Isobel M. and Martin, Rebecca and Goel, Ajay and Khetsuriani, Nino and Everts, Johannes and Wolff, Christopher and Wassilak, Steven and Aylward, R. Bruce and Grassly, Nicholas C.}, 
Title = {The role of older children and adults in wild poliovirus transmission},
Volume = {111}, 
Number = {29}, 
Pages = {10604-10609}, 
Year = {2014}, 
doi = {10.1073/pnas.1323688111}, 
URL = {http://www.pnas.org/content/111/29/10604.abstract}, 
eprint = {http://www.pnas.org/content/111/29/10604.full.pdf+html}, 
Journal = PNAS,
}

@Article{bouchard-cote12,
  Title                    = {Phylogenetic Inference via Sequential {M}onte {C}arlo},
  Author                   = {Bouchard-C\^{o}t\'{e}, Alexandre and Sankararaman, Sriram and Jordan, Michael I.},
  Journal                  = {Systematic Biology},
  Year                     = {2012},
  Number                   = {4},
  Pages                    = {579-593},
  Volume                   = {61},

  Doi                      = {10.1093/sysbio/syr131},
  Eprint                   = {http://sysbio.oxfordjournals.org/content/61/4/579.full.pdf+html},
  Url                      = {http://sysbio.oxfordjournals.org/content/61/4/579.abstract}
}

@article{box64, 
  title={An Analysis of Transformations},
  author={Box, George EP and Cox, David R},
  xjournal={Journal of the Royal Statistical Society. Series B (Methodological)},
  journal=JRSSB,
  pages={211--252},
  year={1964},
}

@Article{breto09, 
  doi={10.1214/08-AOAS201},
  text={Breto, C.,  D. He, E. L. Ionides and A. A. King (2009). Time series analysis via mechanistic models. Annals of Applied Statistics 3:319--348.},
  rmdCite={<a href="http://dx.doi.org/10.1214/08-AOAS201">@breto09</a>},
  Author = {Bret\'{o}, C. and He, D. and Ionides, E. L. and King, A. A.},
  Year = {2009},
  Title = {Time Series Analysis via Mechanistic Models},
  Journal = {Annals of Applied Statistics},
  Volume = {3},
  Pages = {319--348}
}


@article{breto11, doi={10.1016/j.spa.2011.07.005},text={Breto, C. and Ionides, E.L. (2011) Compound Markov counting processes and their applications to modeling infinitesimally over-dispersed systems. Stochastic Processes and their Applications 121:2571-2591.},
author = "Bret\'{o}, C. and Ionides, E. L.",
year = 2011, 
title = "Compound {M}arkov counting processes and their applications to modeling infinitesimally over-dispersed systems",
journal = "Stochastic Processes and their Applications",
volume = "121", 
pages = "2571--2591"
}

@Article{breto19, 
Author = {Bret\'{o}, C. and Ionides, E. L. and King, A. A.},
Year = {2019},
Title = {Panel Data Analysis via Mechanistic Models},
Journal = JASA,
Volume = {115},
Pages = {1178--1188}
}

CCCCCCCCCCCCC

@Article{camacho11,doi = {10.1098/rspb.2011.0300}, 
Author = {Camacho, Anton and Ballesteros, Sebastien and Graham, Andrea L. and Carrat, Fabrice and Ratmann, Oliver and Cazelles, Bernard}, 
Title = {Explaining rapid reinfections in multiple-wave influenza outbreaks: {T}ristan da {C}unha 1971 epidemic as a case study}, 
Year={2011},
Volume={278},
Number={1725},
Pages= {3635--3643},
URL = {http://rspb.royalsocietypublishing.org/content/early/2011/04/22/rspb.2011.0300.abstract}, 
Journal = PRSB,
}

@book{cappe05,
author = "O. Capp\'{e} and E. Moulines and T. Ryd\'{e}n",
year = 2005,
title = "Inference in Hidden Markov Models",
publisher = "Springer",
address = "New York"
}

@article{chen16,
  title={Analyzing single-molecule protein transportation experiments via hierarchical hidden {M}arkov models},
  author={Chen, Yang and Shen, Kuang and Shan, Shu-Ou and Kou, Samuel},
  journal=JASA,
  xjournal={Journal of the American Statistical Association},
  volume={111},
  number={515},
  pages={951--966},
  year={2016},
  publisher={Taylor \& Francis}
}

@incollection{cleveland93,
author = "Cleveland, W. S. and Grosse, E. and Shyu, W. M.",
year = 1993,
title = "Local regression models",
booktitle = "Statistical Models in S",
editor = "Chambers, J. M. and Hastie, T. J.",
pages = {309--376},
publisher = CH,
address = "London"
}

@book{cox70, 
  title={The analysis of binary data},
  author={Cox, DR and Snell, EJ},
  publisher={Methuen and Co},
  address={London},
  year={1970}
}

@article{cox72,
 URL = {http://www.jstor.org/stable/2985181},
 author = {Cox, D. R.},
 xjournal = {Journal of the Royal Statistical Society. Series B (Methodological)},
 journal=JRSSB,
 xnumber = {2},
 pages = {187-220},
 title = {Regression Models and Life-Tables},
 volume = {34},
 year = {1972}
}

DDDDDDDDDDDDD

@article{delmoral15,
  title={Sequential {M}onte {C}arlo with highly informative observations},
  author={Del Moral, Pierre and Murray, Lawrence M},
  journal={Journal on Uncertainty Quantification},
  volume={3},
  xnumber={1},
  pages={969--997},
  year={2015},
  publisher={SIAM}
}

@Article{diggle84, 
  Author = {Diggle, P. J. and Gratton, R. J.},
  url={http://www.jstor.org/stable/2345504},
  rmdCite={<a href="http://www.jstor.org/stable/2345504">@diggle84</a>},
  Year = {1984}, 
  Title = "Monte {C}arlo Methods of Inference for Implicit Statistical Models",
  Journal = JRSSB,
  Volume = {46}, 
  Pages = {193--227}
}

@article{dobson14,
  title={Mathematical models for emerging disease},
  author={Dobson, Andy},
  journal={Science},
  volume={346},
  xnumber={6215},
  pages={1294--1295},
  year={2014},
  publisher={American Association for the Advancement of Science}
}

@InProceedings{douc05,
  Title                    = {Comparison of Resampling Schemes for Particle Filtering},
  Author                   = {Douc, R. and Capp\'{e}, O. and Moulines, E.},
  Booktitle                = { Proceedings of the 4th International Symposium on Image and Signal Processing and Analysis, 2005},
  Year                     = {2005},
  Organization             = {IEEE},
  Pages                    = {64--69},

  Doi                      = {10.1109/ISPA.2005.195385}
}

@incollection{doucet11,    url = {http://www.stats.ox.ac.uk/~doucet/doucet_johansen_tutorialPF2011.pdf},
    Author = {Doucet, Arnaud and Johansen, Adam},
    booktitle={Oxford Handbook of Nonlinear Filtering},
    editor={D. Crisan and B. Rozovsky},
    publisher={Oxford University Press},
    Title = {A Tutorial on Particle Filtering and Smoothing: Fifteen years Later},
    year = {2011}
}

@Article{doucet15,
  doi={10.1093/biomet/asu075},
  rmdCite={<a href="http://dx.doi.org/10.1093/biomet/asu075">@doucet15</a>},
   Title={Efficient implementation of {M}arkov chain {M}onte {C}arlo when using an unbiased likelihood estimator},
  Author={Doucet, Arnaud and Pitt, M. K. and Deligiannidis, George and Kohn, Robert},
  Journal={Biometrika},
  Volume={102},
  Pages={295-313},
  Year={2015},
  Publisher={Biometrika Trust}
}

@Article{drummond06,
  Title                    = {Relaxed Phylogenetics and Dating with Confidence},
  Author                   = {Drummond, Alexei J AND Ho, Simon Y. W AND Phillips, Matthew J AND Rambaut, Andrew},
  Journal                  = {PLoS Biology},
  Year                     = {2006},

  Month                    = {03},
  Number                   = {5},
  Pages                    = {e88},
  Volume                   = {4},

  Doi                      = {10.1371/journal.pbio.0040088},
  Publisher                = {Public Library of Science},
  Url                      = {http://dx.doi.org/10.1371%2Fjournal.pbio.0040088}
}

EEEEEEEEEEEEE

@Article{earn12,doi = {10.1059/0003-4819-156-3-201202070-00005}, Author = {Earn, David J.D. and He, Daihai and Loeb, Mark B. and Fonseca, Kevin and Lee, Bonita E. and Dushoff, Jonathan}, 
Title = {Effects of School Closure on Incidence of Pandemic Influenza in {A}lberta, {C}anada}, 
Volume = {156}, 
Number = {3}, 
Pages = {173-181}, 
Year = {2012}, 
URL = {http://www.annals.org/content/156/3/173.abstract}, 
eprint = {http://www.annals.org/content/156/3/173.full.pdf+html}, 
Journal = {Annals of Internal Medicine} 
}

@article{efron78,
  doi={10.1093/biomet/65.3.457},
  title={Assessing the accuracy of the maximum likelihood estimator: Observed versus expected {F}isher information},
  author={Efron, Bradley and Hinkley, David V},
  rmdCite={<a href="http://dx.doi.org/10.1093/biomet/65.3.457">@efron78</a>},
  journal={Biometrika},
  volume={65},
  xnumber={3},
  pages={457--483},
  year={1978},
  publisher={Biometrika Trust}
}

@article{ellner98,
  doi={10.1086/286130},
  rmdCite={<a href="http://dx.doi.org/10.1086/286130">@ellner98</a>},
  author = "Ellner, S. P. and Bailey, B. A. and Bobashev, G. V. and Gallant, A. R. and Grenfell, B. T. and Nychka, D. W.",
  year = 1998,
  title = "Noise and nonlinearity in measles epidemics: Combining mechanistic and statistical approaches to population modeling",
  journal = AmNat,
  volume = 151,
  pages = "425--440"
}

FFFFFFFFFFFF

@Article{fasiolo16,
  Author = {Fasiolo, Matteo and Pya, Natalya and Wood, Simon N.},
  rmdCite={<a href="http://dx.doi.org/10.1214/15-STS534">@fasiolo16</a>},
  Doi = {10.1214/15-STS534}, 
  Fjournal = {Statistical Science},
  Journal = StatSci,
  Month = {02},
  Xnumber = {1},
  Pages = {96--118},
  Publisher = {The Institute of Mathematical Statistics},
  Title = {A Comparison of Inferential Methods for Highly Nonlinear State Space Models in Ecology and Epidemiology},
  Volume = {31},
  Year = {2016}
}

GGGGGGGGGGGGG

@Article{gelman13,
  Title={Philosophy and the practice of {B}ayesian statistics},
  Author={Gelman, Andrew and Shalizi, Cosma Rohilla},
  Journal={British Journal of Mathematical and Statistical Psychology},
  Volume={66},
  Xnumber={1},
  Pages={8--38},
  Year={2013}
}

@article{gelman14,
  title={Expectation propagation as a way of life},
  author={Gelman, Andrew and Vehtari, Aki and Jyl{\"a}nki, Pasi and Robert, Christian and Chopin, Nicolas and Cunningham, John P},
  journal={ArXiv:1412.4869},
  year={2014}
}

@article{grazian14,
  title={Approximate integrated likelihood via {ABC} methods},
  author={Grazian, Clara and Liseo, Brunero},
  journal={ArXiv:1403.0387},
  year={2014}
}

@article{grenfell04, 
  DOI={10.1126/science.1090727},
  rmdCite={<a href="http://dx.doi.org/10.1126/science.1090727">@grenfell04</a>},
  author = {Grenfell, B. T. and Pybus, O. G. and Gog, J. R. and Wood, J. L. N. and Daly, J. M. and Mumford, J. A. and Holmes, E. C.}, 
  year = {2004}, 
  title = {Unifying the Epidemiological and Evolutionary Dynamics of Pathogens},
  journal = {Science},
  volume = {303}, 
  Pages = {327--332}
}

@article{grewal10,
  title={Applications of {K}alman filtering in aerospace 1960 to the present},
  author={Grewal, Mohinder S and Andrews, Angus P},
  journal={IEEE Control Systems},
  volume={30},
  number={3},
  pages={69--78},
  year={2010},
  publisher={IEEE}
}

HHHHHHHHHHHHH

@article{hammersley54,
author = "Hammersley, J. M. and Morton, K. W.",
year = 1954,
title = "Poor man's \mbox{M}onte \mbox{C}arlo",
journal = JRSSB,
volume = 16,
pages = "23--38"
}

@Article{he10, 
  Doi={10.1098/rsif.2009.0151},
  xtext={He, D., Ionides, E. L. and King, A. A. (2010). Plug-and-play inference for disease dynamics: Measles in large and small towns as a case study. J. Roy. Soc. Interface 7:271-283},
  Author = {He, D. and Ionides, E. L. and King, A. A.},
  rmdCite={<a href="http://dx.doi.org/10.1098/rsif.2009.0151">@he10</a>},
  Year = {2010}, 
  Title = {Plug-and-play inference for disease dynamics: Measles in large and small towns as a case study},
  Journal = JRSI,
  xJournal = {Journal of the Royal Society Interface},
  Volume = {7},
  Pages = {271--283}
}

@article{hoffman13,
  title={Stochastic variational inference},
  rmdCite={<a href="http://www.jmlr.org/papers/volume14/hoffman13a/hoffman13a.pdf">@hoffman13</a>},
  author={Hoffman, Matthew D and Blei, David M and Wang, Chong and Paisley, John William},
  journal={Journal of Machine Learning Research},
  volume={14},
  xnumber={1},
  pages={1303--1347},
  year={2013}
}

IIIIIIIIIII

@article{ionides05, 
  url={http://www.jstor.org/stable/24307347},
  rmdCite={<a href="http://www.jstor.org/stable/24307347">@ionides05</a>},
  author = "Ionides, E. L.",
  year = 2005, 
  title = "Maximum Smoothed Likelihood Estimation",
  journal = SS,
  xjournal = "Statistica Sinica",
  volume = 15,
  pages = "1003--1014"
}

@Article{ionides06-pnas,doi="10.1073/pnas.0603181103",
Author = "Ionides, E. L. and Bret\'{o}, C. and King, A. A.",
Year = 2006,
Title = "Inference for nonlinear dynamical systems",
Journal = PNAS,
Volume = "103",
Pages = "18438--18443"
}

@Article{ionides15,
  Author = {Ionides, Edward L. and Nguyen, Dao and Atchad\'{e}, Yves and Stoev, Stilian and King, Aaron A.}, 
  Title = {Inference for dynamic and latent variable models via iterated, perturbed {B}ayes maps},
  Year = {2015}, 
  doi = {10.1073/pnas.1410597112}, 
  rmdCite={<a href="http://dx.doi.org/10.1073/pnas.1410597112">@ionides15</a>},
  xURL = {http://www.pnas.org/content/early/2015/01/07/1410597112.abstract}, 
  eprint = {http://www.pnas.org/content/early/2015/01/07/1410597112.full.pdf+html}, 
  Journal = PNAS,
  xJournal = {Proceedings of the National Academy of Sciences of USA},
  Volume = {112},
  Xnumber =  {3},
  Pages = {719–724}
}

@Article{ionides17-tas,
  Author = {Ionides, E. L. and Giessing, A. and Ritov, Y. and Page, S. E.},
  Title = {Response to the {ASA}'s statement on p-values: Context, process, and purpose},
  Journal = {The American Statistician},
  Volume = {71},
  xNumber = {1},
  Pages = {88-89},
  Year = {2017},
  Doi = {10.1080/00031305.2016.1234977},
}

@article{ionides17profile,
  title={Monte {C}arlo profile confidence intervals for dynamic systems},
  author={Ionides, Edward L and Breto, Carles and Park, Joonha and Smith, Richard A and King, Aaron A},
  journal=JRSI,
  year={2017}
}

@article{ionides21,
  author = {Edward L. Ionides and Kidus Asfaw and Joonha Park and Aaron A. King},
  title = {Bagged filters for partially observed interacting systems},
  journal = {Journal of the American Statistical Association},
  volume = {0},
  number = {ja},
  pages = {1-33},
  year  = {2021},
  publisher = {Taylor & Francis},
  doi = {10.1080/01621459.2021.1974867},
  URL = {https://doi.org/10.1080/01621459.2021.1974867}
}

JJJJJJJJJJJJ

KKKKKKKKKKKK

@article{kalman60, 
author = "Kalman, R. E.",
year = 1960, 
title = "A new approach to linear filtering and prediction problems",
journal = "Journal of Basic Engineering",
volume = 82, 
pages = "35--45"
}

@article{karcher16,
  doi={10.1111/1755-0998.12630},
  rmdCite={<a href="http://dx.doi.org/10.1111/1755-0998.12630">@karcher16</a>},
  title={phylodyn: an {R} package for phylodynamic simulation and inference},
  author={Karcher, Michael D and Palacios, Julia A and Lan, Shiwei and Minin, Vladimir N},
  journal={Molecular Ecology Resources},
  year={2016},
  volume={17},
  pages={96--100},
  publisher={Wiley Online Library}
}

@book(keeling09, 
author = "Keeling, M. and Rohani, P.", 
year = 2009, 
title = "Modeling Infectious Diseases in Humans and Animals",
publisher = PUP,
address = "Princeton, NJ"
)

@article{kevrekidis04,
  doi={10.1002/aic.10106},
  rmdCite={<a href="http://dx.doi.org/10.1002/aic.10106">@kevrekidis04</a>},
  author = {Kevrekidis, I. G. and  Gear, C. W.  and  Hummer, G.},
  year = {2004},
  title = "Equation-Free: The Computer-Assisted Analysis of Complex, Multiscale Systems",
  journal = AICEJ,
  volume = {50},
  pages = {1346--1354}
}

@article(king08, doi={10.1038/nature07084}, textref={King, AA, et al (2008). Inapparent infections and cholera dynamics. Nature 454:877-880},
author = "A. A. King and E. L. Ionides and M. Pascual and M. J. Bouma",
year = 2008,
title = "Inapparent infections and cholera dynamics",
journal = "Nature",
volume = "454",
pages = "877--880"
)

@Article{king16, 
Author = {King, A. A. and Nguyen, D. and  Ionides, E. L.},
Year = {2016}, 
Title = {Statistical Inference for Partially Observed {M}arkov Processes via the {R} Package pomp},
Journal ={Journal of Statistical Software},
Volume = {69}, 
Pages = {1--43}
}


@article{kitagawa98, url="http://www.jstor.org/stable/2669862",
author = "Kitagawa, G.", 
year = 1998, 
title = "A Self-Organising State-Space Model",
journal = JASA,
xjournal = "Journal of the American Statistical Association",
volume = 93, 
pages = "1203--1215" 
}

LLLLLLLLLLLLL

@book{lecam86, 
author = "Le Cam, L.", 
year = 1986, 
title = "Asymptotic Methods in Statistical Decision Theory", 
publisher = "Springer",
address = "New York" 
}

@article{lecam90a, url={http://www.jstor.org/stable/1403464},
author = "Le Cam, L.", 
year = 1990, 
title = "Maximum likelihood:  An introduction", 
xjournal = "Int. Statist. Review", 
xjournal= "International Statistical Review",
journal=ISR,
volume = 58, 
pages = "153--171" 
}

@book{lecam00, 
author = "Le Cam, L. and Yang, G. L.", 
year = 2000, 
title = "Asymptotics in Statistics", 
edition = "2nd",
publisher = "Springer",
address = "New York" 
}

@article {lele07,doi = {10.1111/j.1461-0248.2007.01047.x},
author = {Lele, Subhash R. and Dennis, Brian and Lutscher, Frithjof},
title = {Data cloning: Easy maximum likelihood estimation for complex ecological models using {B}ayesian {M}arkov chain {M}onte {C}arlo methods},
journal = {Ecology Letters},
volume = {10},
xnumber = {7},
publisher = {Blackwell Publishing Ltd},
issn = {1461-0248},
url = {http://dx.doi.org/10.1111/j.1461-0248.2007.01047.x},
pages = {551--563},
year = {2007},
}

@article{li16,
  title={Simple, Scalable and Accurate Posterior Interval Estimation},
  author={Li, Cheng and Srivastava, Sanvesh and Dunson, David B},
  journal={ArXiv:1605.04029},
  year={2016}
}

@article{lindsay97,
  title={On second-order optimality of the observed {F}isher information},
  author={Lindsay, Bruce G and Li, Bing},
  xjournal={The Annals of Statistics},
  journal=AOS,
  volume={25},
  number={5},
  pages={2172--2199},
  year={1997},
  publisher={Institute of Mathematical Statistics}
}

@book{liu01, 
author = "Liu, J. S.", 
year = 2001, 
title = "Monte \mbox{C}arlo Strategies in Scientific Computing",
publisher = "Springer", 
address = "New York" 
}

@incollection{janeliu01, 
author = "Liu, J. and West, M.",
year = 2001, 
title = "Combining Parameter and State Estimation in Simulation-Based Filtering",
booktitle = "Sequential \mbox{M}onte \mbox{C}arlo Methods in Practice",
editor = "Doucet, A. and de Freitas, N. and Gordon, N. J.",
pages = "197--224", 
publisher = "Springer", 
address = "New York"
}

@article{luquero16,
  title={Mortality rates during cholera epidemic, {H}aiti, 2010--2011},
  author={Luquero, Francisco J and Rondy, Marc and Boncy, Jacques and Munger, Andr{\'e} and Mekaoui, Helmi and Rymshaw, Ellen and Page, Anne-Laure and Toure, Brahima and Degail, Marie Amelie and Nicolas, Sarala and others},
  journal={Emerging Infectious Diseases},
  volume={22},
  number={3},
  pages={410},
  year={2016},
  publisher={Centers for Disease Control and Prevention}
}

@article{lyne15,
  title={On {R}ussian roulette estimates for {B}ayesian inference with doubly-intractable likelihoods},
  author={Lyne, Anne-Marie and Girolami, Mark and Atchade, Yves and Strathmann, Heiko and Simpson, Daniel and others},
  journal=StatSci,
  volume={30},
  xnumber={4},
  pages={443--467},
  year={2015},
  publisher={Institute of Mathematical Statistics}
}

MMMMMMMMMMMMMMM

@Article{marjoram03,
  Doi = {10.1073/pnas.0306899100}, 
  rmdCite={<a href="http://dx.doi.org/10.1073/pnas.0306899100">@marjoram03</a>},
  Author = {Marjoram, Paul and Molitor, John and Plagnol, Vincent and Tavar\'{e}, Simon}, 
  Title = {Markov chain {M}onte {C}arlo without likelihoods}, 
  Volume = {100}, 
  Xnumber = {26}, 
  Pages = {15324-15328}, 
  Year = {2003}, 
  Journal = PNAS,
}

@Article{martinez-bakker15, 
  Doi={10.1371/journal.pbio.1002172}, 
  text={Martinez-Bakker, M., King, A. A. and Rohani, P. (2015). Unraveling the Transmission Ecology of Polio. PLoS Biology 13:e1002172},
  Author = {Martinez-Bakker, M. and King, A. A. and Rohani, P.},
  rmdCite={<a href="http://dx.doi.org/10.1371/journal.pbio.1002172">@martinez-bakker15</a>},
  Year = {2015}, 
  Title = {Unraveling the Transmission Ecology of Polio},
  Journal = PLoS-Bio,
  xJournal = {PLoS Biology},
  Volume = {13},
  Xnumber={6},
  Pages = {e1002172}
}

@book{montemerlo07,
  title={{FastSLAM}: A scalable method for the simultaneous localization and mapping problem in robotics},
  author={Montemerlo, Michael and Thrun, Sebastian},
  xvolume={27},
  year={2007},
  publisher={Springer}
}

@article{murphy00,     url = {http://www.jstor.org/stable/2669386},
 title = {On Profile Likelihood},
 author = {Murphy, S. A. and van der Vaart, A. W.},
 journal = JASA,
 volume = {95},
 xnumber = {450},
 pages = {449--465},
 year = {2000},
 publisher = {American Statistical Association},    
}
       
NNNNNNNNNNNNN

@article{ng02,
  title={Factored particles for scalable monitoring},
  author={Ng, Brenda and Peshkin, Leonid and Pfeffer, Avi},
  xjournal={Proc. 18th Conf. Uncertainty Artif. Intell.},
  journal={Proceedings of the 18th Conference on Uncertainty and Artificial Intelligence},
  year={2002},
  pages={370-377}
}

@article{ning21-ibpf,
  title={Iterated Block Particle Filter for High-dimensional Parameter Learning: Beating the Curse of Dimensionality},
  author={Ning, Ning and Ionides, Edward L.},
  journal={arXiv:2110.10745},
  year={2021}
}

@article{ning21-rlan,
title = {Scalable {M}onte {C}arlo inference and rescaled local asymptotic normality},
author = {Ning, N. and Ionides, E. L. and Ritov, Y.},
year = {2021},
journal = {Bernoulli},
volume = {pre-published online}
}


OOOOOOOOOOOOO

PPPPPPPPPPPPP

@Inproceedings{paige14,
  Title={Asynchronous Anytime Sequential {M}onte {C}arlo},
  Author={Paige, Brooks and Wood, Frank and Doucet, Arnaud and Teh, Yee Whye},
  Booktitle={Advances in Neural Information Processing Systems},
  Pages={3410--3418},
  Year={2014}
}


@Article{park16, xDoi={},
  Author = {Park, Joonha and Ionides, Edward L.},
  Year = {2016}, 
  Title = {Particle filter for continuous time partially observed {M}arkov processes in high dimension via intermediate resampling},
  Journal = {In preparation},
  Volume = {}, 
  Pages = {}
}

@article{park20,
  title={Inference on high-dimensional implicit dynamic models using a guided intermediate resampling filter},
  author={Park, Joonha and Ionides, Edward L},
  journal={Statistics and Computing},
  volume={30},
  number={5},
  pages={1497--1522},
  doi={10.1007/s11222-020-09957-3},
  year={2020},
  publisher={Springer}
}


@Book{pawitan01,
  title = {In All Likelihood: Statistical Modelling and Inference Using Likelihood},
  author = {Pawitan, Yudi},
  publisher = {Clarendon Press},
  year = {2001},
  address = {Oxford},
}

@article(pitt99, xurl="http://www.jstor.org/stable/2670179",
author = "Pitt, M. K. and Shepard, N.",
year = 1999, 
title = "Filtering via simulation: Auxillary particle filters",
journal = JASA,
volume = 94, 
pages = "590--599"
)

QQQQQQQQQQQQQ

RRRRRRRRRRRR

@Inproceedings{rabiner89, 
author = {Rabiner, L. R.}, 
year = {1989}, 
title = {A tutorial on hidden {M}arkov models and selected applications in speech recognition}, 
booktitle = {Proceedings of the IEEE},
volume = {77}, 
pages = {257--285} 
}

@Article{rasmussen11,
  Title                    = {Inference for Nonlinear Epidemiological Models Using Genealogies and Time Series},
  Author                   = {Rasmussen, David A. AND Ratmann, Oliver AND Koelle, Katia},
  Journal                  = PLoS-CompBio,
  Year                     = {2011},

  Month                    = {08},
  Number                   = {8},
  Pages                    = {e1002136},
  Volume                   = {7},

  Doi                      = {10.1371/journal.pcbi.1002136},
  Publisher                = {Public Library of Science},
  Url                      = {http://dx.doi.org/10.1371%2Fjournal.pcbi.1002136}
}

@Article{rebeschini15, 
  doi={10.1214/14-AAP1061},
  Text={Rebeschini, P, and van Handel, R. (2015). Can local particle filters beat the curse of dimensionality? Ann. Applied Prob.},
  Author = {Rebeschini, P. and van Handel, R.},
  rmdCite={<a href="http://dx.doi.org/10.1214/14-AAP1061">@rebeschini15</a>},
  Year = {2015}, 
  Title = {Can local particle filters beat the curse of dimensionality?},
  Journal = {The Annals of Applied Probability},
  Xnumber = {5},
  Volume= {25},
  Pages={2809--2866},
}

@Article{romero-severson15,doi={10.1093/aje/kwv044}, text={Romero-Severson, EO, Volz, E, Koopman, JS, Leitner, T and Ionides, EL (2015). Dynamic Variation in Sexual Contact Rates in a Cohort of HIV-Negative Gay Men. American Journal of Epidemiology 182:255-262.}, 
  Title={Dynamic Variation in Sexual Contact Rates in a Cohort of {HIV}-Negative Gay Men},
  Author={Romero-Severson, EO and Volz, E and Koopman, JS and Leitner, T and Ionides, EL},
  xJournal={American Journal of Epidemiology},
  Journal=AJE,
  Pages={255-262},
  Volume={182},
  Year={2015},
  Publisher=OUP
}

@Article{rubio13,
  rmdCite={<a href="http://dx.doi.org/10.1214/13-EJS819">@rubio13</a>},
  Doi={10.1214/13-EJS819},
  title={A simple approach to maximum intractable likelihood estimation},
  author={Rubio, Francisco J and Johansen, Adam M},
  journal=EJS,
  volume={7},
  pages={1632--1654},
  year={2013}
}

SSSSSSSSSSSSS

@Article{shrestha11,    
  doi = {10.1371/journal.pcbi.1002135}, 
  rmdCite={<a href="http://dx.doi.org/10.1371/journal.pcbi.1002135">@shrestha11</a>},
  text={Shrestha, S., A. A. King and P. Rohani (2011). "Statistical Inference for Multi-Pathogen Systems". PLoS Comput Biol 7:e1002135. http://dx.doi.org/10.1371/journal.pcbi.1002135},
  Author = {Shrestha, Sourya and King, Aaron A. and Rohani, Pejman},
  xJournal = {PLoS Comput Biol},
  Journal = PLoS-CompBio,
  Publisher = {Public Library of Science},
  Title = {Statistical Inference for Multi-Pathogen Systems},
  Year = {2011},
  month = {08},
  Volume = {7},
  url = {http://dx.doi.org/10.1371%2Fjournal.pcbi.1002135},
  Pages = {e1002135},
  Xnumber = {8},
}        

@Article{shrestha13,doi = {10.1126/scitranslmed.3005982}, 
Author = {Shrestha, Sourya and Foxman, Betsy and Weinberger, Daniel M. and Steiner, Claudia and Viboud, C\'{e}cile and Rohani, Pejman}, 
Title = {Identifying the Interaction Between Influenza and Pneumococcal Pneumonia Using Incidence Data},
Volume = {5}, 
Number = {191}, 
Pages = {191ra84}, 
Year = {2013}, 
URL = {http://stm.sciencemag.org/content/5/191/191ra84.abstract}, 
eprint = {http://stm.sciencemag.org/content/5/191/191ra84.full.pdf}, 
Journal = {Science Translational Medicine} 
}

@article{sisson07, 
  doi = {10.1073/pnas.0607208104},
  rmdCite={<a href="http://dx.doi.org/10.1073/pnas.0607208104">@sisson07</a>},
  author = {Sisson, S. A. and Fan, Y. and Tanaka, Mark M.},
  title = {Sequential {M}onte {C}arlo without likelihoods},
  rmdCite={<a href="http://dx.doi.org/10.1214/08-AOAS201">@breto09</a>},
  journal = PNAS,
  volume = {104},
  xnumber = {6},
  pages = {1760-1765},
  year = {2007},
  URL = {http://www.pnas.org/cgi/content/abstract/104/6/1760},
}

@Article{smith17, Doi={10.1093/molbev/msx124},
  rmdCite={<a href="http://dx.doi.org/">@smith16</a>},
  Author = {Smith, R. A. and Ionides, E. L. and King, A. A.},
  Year = {2017}, 
  Title = {Infectious Disease Dynamics Inferred from Genetic Data via Sequential {M}onte {C}arlo},
  Journal = MBE,
  xJournal = {Molecular Biology and Evolution},
  Volume = {34},
  Pages ={2065–-2084},
  xNumber = {8}
}

TTTTTTTTTTTTTT

@article{toni09, doi="10.1098/rsif.2008.0172", 
author = "Toni, Tina  and  Welch, David and Strelkowa,  Natalja and  Ipsen, Andreas and Stumpf,  Michael P.H.",
year = 2009, 
title = "Approximate {B}ayesian computation scheme for parameter inference and model selection in dynamical systems",
journal = JRSI,
volume = "6", 
pages = "187-202"
}

UUUUUUUUUUUUUUU

VVVVVVVVVVVVVVVV

@article{vittinghoff99, text={Vittinghoff, E. et al (1999). Per-Contact Risk of Human Immunodificiency Virus Tramnsmision between Male Sexual Partners. American Journal of Epidemiology 150:306-311.},
URL = {http://aje.oxfordjournals.org/content/150/3/306.abstract}, 
author = {Vittinghoff, Eric and Douglas, John and Judon, Frank and McKiman, David and MacQueen, Kate and Buchinder, Susan P.}, 
title = {Per-Contact Risk of Human Immunodificiency Virus Tramnsmision between Male Sexual Partners},
volume = {150}, 
number = {3}, 
pages = {306--311}, 
year = {1999}, 
eprint = {http://aje.oxfordjournals.org/content/150/3/306.full.pdf+html}, 
xjournal = {American Journal of Epidemiology}, 
journal=AJE
}

WWWWWWWWWWWWWWW

@Book{wilkinson11,
  title={Stochastic modelling for systems biology},
  author={Wilkinson, Darren J},
  year={2011},
  publisher={CRC press}
}

@Article{wood10,       
  DOI={10.1038/nature09319}, 
  title={Statistical inference for noisy nonlinear ecological dynamic systems}, text={Wood (2010). Statistical inference for noisy nonlinear ecological dynamic systems. Nature 466:1102-1104.},
  rmdCite={<a href="http://dx.doi.org/10.1038/nature09319">@wood10</a>},
  Author={Wood, Simon N.},
  journal={Nature},
  Pages={1102--1104},
  Year={2010},
  Volume={466},
  Xnumber={7310},
  URL={http://dx.doi.org/10.1038/nature09319},
}

XXXXXXXXXXXXX

YYYYYYYYYYYYYY

@Article{yu14, Doi={},
  Author = {Yu, Bin},
  Year = {2014}, 
  Title = {{IMS} Presidential Address: Let us own Data Science},
  Journal = {IMS Bulletin},
  Volume = {43}, 
  Url={http://bulletin.imstat.org/2014/10/ims-presidential-address-let-us-own-data-science/},
  xNumber={7},
  Pages = {}
}

ZZZZZZZZZZZZZZ

@Article{zhang12, Doi={10.1515/1948-4690.1041},
  Author = {Zhang, Xinyu and Zhong, Lin and Romero-Severson, Ethan and Alam, Shah Jamal and Henry, Christopher J. and Volz, Erik M. and Koopman, James S.},
  Year = {2012}, 
  Title = {Episodic {HIV} Risk Behavior Can Greatly Amplify {HIV} Prevalence and the Fraction of Transmissions from Acute {HIV} Infection},
  Journal = {Statistical Communications in Infectious Diseases},
  Volume = {4}, 
  Pages = {1--25}
}

